<record><header><identifier>oai:alma.41SLSP_UGE:991000785999705502</identifier><datestamp>2023-11-12T00:14:27Z</datestamp><setSpec>uge_bcen_RapidILL_BOOK</setSpec><setSpec>uge_aaca_RapidILL_BOOK</setSpec><setSpec>uge_abels_RapidILL_BOOK</setSpec><setSpec>uge_dbu_RapidILL_BOOK</setSpec><setSpec>uge_cmu_RapidILL_BOOK</setSpec><setSpec>uge_mail_RapidILL_BOOK</setSpec><setSpec>uge_abbat_RapidILL_BOOK</setSpec><setSpec>UNIGE_ALL</setSpec><setSpec>uge_acar_RapidILL_BOOK</setSpec><setSpec>uge_aobs_RapidILL_BOOK</setSpec></header><metadata>
<record xmlns="http://www.loc.gov/MARC21/slim" xmlns:xsi="http://www.w3.org/2001/XMLSchema-instance" xsi:schemaLocation="http://www.loc.gov/MARC21/slim http://www.loc.gov/standards/marcxml/schema/MARC21slim.xsd"><leader>02349nam a2200601 c 4500</leader><controlfield tag="001">991000785999705502</controlfield><controlfield tag="005">20230407145527.0</controlfield><controlfield tag="008">201012s2008    ii            01| | eng| </controlfield><datafield ind1=" " ind2=" " tag="020"><subfield code="a">9780195693041</subfield><subfield code="c">GBP 19.99</subfield></datafield><datafield ind1=" " ind2=" " tag="020"><subfield code="a">0195693043</subfield></datafield><datafield ind1="7" ind2=" " tag="024"><subfield code="a">http://catalogue.bnf.fr/ark:/12148/cb41328565f</subfield><subfield code="2">uri</subfield></datafield><datafield ind1=" " ind2=" " tag="035"><subfield code="a">(swissbib)238894533-41slsp_network</subfield></datafield><datafield ind1=" " ind2=" " tag="035"><subfield code="a">238894533</subfield><subfield code="9">ExL</subfield></datafield><datafield ind1=" " ind2=" " tag="035"><subfield code="a">(IDSBB)004889598DSV01</subfield></datafield><datafield ind1=" " ind2=" " tag="035"><subfield code="a">(RERO)R004758028-41slsp</subfield></datafield><datafield ind1=" " ind2=" " tag="035"><subfield code="a">(IDSLU)000781254ILU01</subfield></datafield><datafield ind1=" " ind2=" " tag="035"><subfield code="a">(EXLNZ-41SLSP_NETWORK)991078506789705501</subfield></datafield><datafield ind1=" " ind2=" " tag="040"><subfield code="a">DLC</subfield><subfield code="e">kids</subfield><subfield code="d">CH-ZuSLS</subfield></datafield><datafield ind1=" " ind2="7" tag="072"><subfield code="a">ss</subfield><subfield code="2">rero</subfield></datafield><datafield ind1=" " ind2="7" tag="072"><subfield code="a">250</subfield><subfield code="2">IDS LU</subfield></datafield><datafield ind1=" " ind2=" " tag="084"><subfield code="a">MH 14010</subfield><subfield code="2">rvk</subfield></datafield><datafield ind1=" " ind2=" " tag="084"><subfield code="a">NW 2644</subfield><subfield code="2">rvk</subfield></datafield><datafield ind1=" " ind2=" " tag="084"><subfield code="a">MS 1530</subfield><subfield code="2">rvk</subfield></datafield><datafield ind1=" " ind2=" " tag="084"><subfield code="a">LB 45385</subfield><subfield code="2">rvk</subfield></datafield><datafield ind1="0" ind2="0" tag="245"><subfield code="a">Claiming power from below</subfield><subfield code="b">dalits and the subaltern question in India</subfield><subfield code="c">edited by Manu Bhagavan and Anne Feldhaus</subfield></datafield><datafield ind1=" " ind2="1" tag="264"><subfield code="a">New Delhi</subfield><subfield code="b">Oxford University Press</subfield><subfield code="c">2008</subfield></datafield><datafield ind1=" " ind2=" " tag="300"><subfield code="a">x, 222 p.</subfield><subfield code="b">ill.</subfield></datafield><datafield ind1=" " ind2=" " tag="336"><subfield code="b">txt</subfield><subfield code="2">rdacontent</subfield></datafield><datafield ind1=" " ind2=" " tag="337"><subfield code="b">n</subfield><subfield code="2">rdamedia</subfield></datafield><datafield ind1=" " ind2=" " tag="338"><subfield code="b">nc</subfield><subfield code="2">rdacarrier</subfield></datafield><datafield ind1=" " ind2=" " tag="500"><subfield code="a">Companion volume of Speaking truth to power</subfield></datafield><datafield ind1=" " ind2=" " tag="500"><subfield code="a">&quot;Published writing of Eleanor Zelliot&quot;--p. [211]-222</subfield></datafield><datafield ind1=" " ind2=" " tag="500"><subfield code="a">Titel des ersten Bandes: Speaking truth to power</subfield></datafield><datafield ind1=" " ind2=" " tag="500"><subfield code="a">Second of two volumes in honour of Eleanor Zelliot</subfield></datafield><datafield ind1=" " ind2=" " tag="504"><subfield code="a">Includes bibliographical references</subfield></datafield><datafield ind1=" " ind2=" " tag="520"><subfield code="a">On the political ideologies of Dalits and their literature; contributed articles honoring the memory of Eleanor Zelliot, b.1926</subfield></datafield><datafield ind1=" " ind2="0" tag="650"><subfield code="a">Dalits</subfield><subfield code="z">India</subfield></datafield><datafield ind1=" " ind2="0" tag="650"><subfield code="a">Indic literature</subfield><subfield code="x">Dalit authors</subfield><subfield code="x">History and criticism</subfield></datafield><datafield ind1=" " ind2="7" tag="650"><subfield code="a">Intouchables</subfield><subfield code="0">(IDREF)027292878</subfield><subfield code="2">idref</subfield></datafield><datafield ind1=" " ind2="7" tag="650"><subfield code="a">Diskriminierung</subfield><subfield code="0">(DE-588)4012472-1</subfield><subfield code="2">gnd</subfield></datafield><datafield ind1=" " ind2="7" tag="650"><subfield code="a">Kaste</subfield><subfield code="0">(DE-588)4163401-9</subfield><subfield code="2">gnd</subfield></datafield><datafield ind1=" " ind2="7" tag="651"><subfield code="a">Inde</subfield><subfield code="0">(IDREF)027261980</subfield><subfield code="2">idref</subfield></datafield><datafield ind1=" " ind2="7" tag="651"><subfield code="a">Indien</subfield><subfield code="0">(DE-588)4026722-2</subfield><subfield code="2">gnd</subfield></datafield><datafield ind1=" " ind2="7" tag="655"><subfield code="a">[Études diverses]</subfield><subfield code="0">(RERO)A022249905</subfield><subfield code="2">rero</subfield></datafield><datafield ind1=" " ind2="7" tag="655"><subfield code="a">Festschrift</subfield><subfield code="2">gnd-content</subfield></datafield><datafield ind1=" " ind2="7" tag="655"><subfield code="a">Aufsatzsammlung</subfield><subfield code="2">gnd-content</subfield></datafield><datafield ind1="1" ind2=" " tag="700"><subfield code="a">Bhagavan, Manu</subfield><subfield code="d">1970-</subfield><subfield code="0">(IDREF)085212911</subfield></datafield><datafield ind1="1" ind2=" " tag="700"><subfield code="a">Feldhaus, Anne</subfield></datafield><datafield ind1="1" ind2=" " tag="700"><subfield code="a">Bhagavan, Manu</subfield><subfield code="d">1970-</subfield><subfield code="0">(DE-588)13768942X</subfield></datafield><datafield ind1="1" ind2=" " tag="700"><subfield code="a">Zelliot, Eleanor</subfield></datafield><datafield ind1="4" ind2=" " tag="856"><subfield code="3">Inhaltsverzeichnis</subfield><subfield code="u">http://www.ub.unibas.ch/tox/HBZ/HT016190021/PDF</subfield><subfield code="q">pdf</subfield></datafield><datafield ind1=" " ind2=" " tag="900"><subfield code="a">REROnoselfmerge</subfield></datafield><datafield ind1=" " ind2=" " tag="911"><subfield code="a">Bhagavan, Manu Belur</subfield></datafield><datafield ind1=" " ind2=" " tag="949"><subfield code="a">http://www.ub.unibas.ch/tox/HBZ/HT016190021/PDF</subfield></datafield></record>
</metadata></record>