<record><header><identifier>oai:alma.41SLSP_UGE:991000775399705502</identifier><datestamp>2023-03-01T01:09:35Z</datestamp><setSpec>uge_bcen_RapidILL_BOOK</setSpec><setSpec>uge_aaca_RapidILL_BOOK</setSpec><setSpec>uge_abels_RapidILL_BOOK</setSpec><setSpec>uge_dbu_RapidILL_BOOK</setSpec><setSpec>uge_cmu_RapidILL_BOOK</setSpec><setSpec>uge_mail_RapidILL_BOOK</setSpec><setSpec>UNIGE_ALL</setSpec><setSpec>uge_abbat_RapidILL_BOOK</setSpec><setSpec>uge_aobs_RapidILL_BOOK</setSpec><setSpec>uge_acar_RapidILL_BOOK</setSpec></header><metadata>
<record xmlns="http://www.loc.gov/MARC21/slim" xmlns:xsi="http://www.w3.org/2001/XMLSchema-instance" xsi:schemaLocation="http://www.loc.gov/MARC21/slim http://www.loc.gov/standards/marcxml/schema/MARC21slim.xsd"><leader>00958nam a2200265 c 4500</leader><controlfield tag="001">991000775399705502</controlfield><controlfield tag="005">20210206203009.0</controlfield><controlfield tag="008">071011s2007    sp ||||| |||| 00| ||spa d</controlfield><datafield ind1=" " ind2=" " tag="020"><subfield code="a">9788496133778</subfield></datafield><datafield ind1=" " ind2=" " tag="035"><subfield code="a">(swissbib)105912077-41slsp_network</subfield></datafield><datafield ind1=" " ind2=" " tag="035"><subfield code="a">105912077</subfield><subfield code="9">ExL</subfield></datafield><datafield ind1=" " ind2=" " tag="035"><subfield code="a">(RERO)R004558695-41slsp</subfield></datafield><datafield ind1=" " ind2=" " tag="035"><subfield code="a">(EXLNZ-41SLSP_NETWORK)991051138499705501</subfield></datafield><datafield ind1=" " ind2=" " tag="040"><subfield code="a">RERO geullc</subfield><subfield code="d">CH-ZuSLS</subfield></datafield><datafield ind1=" " ind2="7" tag="072"><subfield code="a">es</subfield><subfield code="2">rero</subfield></datafield><datafield ind1="1" ind2=" " tag="100"><subfield code="a">Ferrater Mora, José</subfield><subfield code="d">1912-1991</subfield><subfield code="0">(IDREF)028151135</subfield><subfield code="4">cre</subfield></datafield><datafield ind1="1" ind2="0" tag="245"><subfield code="a">Razón y verdad</subfield><subfield code="b">y otros ensayos</subfield><subfield code="c">José Ferrater Mora ; ed. y pról. de Amauri F. Gutiérrez Coto</subfield></datafield><datafield ind1=" " ind2="1" tag="264"><subfield code="a">[Valenciana de la Concepción]</subfield><subfield code="b">Espuela de Plata</subfield><subfield code="c">2007</subfield></datafield><datafield ind1=" " ind2=" " tag="300"><subfield code="a">197 p.</subfield><subfield code="c">21 cm</subfield></datafield><datafield ind1=" " ind2=" " tag="336"><subfield code="b">txt</subfield><subfield code="2">rdacontent</subfield></datafield><datafield ind1=" " ind2=" " tag="337"><subfield code="b">n</subfield><subfield code="2">rdamedia</subfield></datafield><datafield ind1=" " ind2=" " tag="338"><subfield code="b">nc</subfield><subfield code="2">rdacarrier</subfield></datafield><datafield ind1="1" ind2=" " tag="490"><subfield code="a">Biblioteca filósofica</subfield><subfield code="v">4</subfield></datafield><datafield ind1="1" ind2=" " tag="700"><subfield code="a">Gutierréz Coto, Amauri Francisco</subfield><subfield code="d">1974-....</subfield><subfield code="0">(IDREF)12197393X</subfield></datafield><datafield ind1=" " ind2="0" tag="830"><subfield code="a">Biblioteca filósofica</subfield><subfield code="p">Espuela de plata</subfield><subfield code="v">4</subfield><subfield code="w">(RERO)R003847447-41slsp</subfield></datafield><datafield ind1=" " ind2=" " tag="900"><subfield code="a">REROnoselfmerge</subfield></datafield></record>
</metadata></record>