<record><header><identifier>oai:alma.41SLSP_UGE:991000774879705502</identifier><datestamp>2023-03-01T01:09:35Z</datestamp><setSpec>UNIGE_ALL</setSpec></header><metadata>
<record xmlns="http://www.loc.gov/MARC21/slim" xmlns:xsi="http://www.w3.org/2001/XMLSchema-instance" xsi:schemaLocation="http://www.loc.gov/MARC21/slim http://www.loc.gov/standards/marcxml/schema/MARC21slim.xsd"><leader>01360njm a22003377c 4500</leader><controlfield tag="001">991000774879705502</controlfield><controlfield tag="005">20210207114812.0</controlfield><controlfield tag="007">sd b||||||||||</controlfield><controlfield tag="008">110122s1982    xx ||n |            eng d</controlfield><datafield ind1="0" ind2="2" tag="028"><subfield code="a">Editions de l'Oiseau-lyre DSLO 601</subfield></datafield><datafield ind1=" " ind2=" " tag="035"><subfield code="a">(swissbib)113570511-41slsp_network</subfield></datafield><datafield ind1=" " ind2=" " tag="035"><subfield code="a">113570511</subfield><subfield code="9">ExL</subfield></datafield><datafield ind1=" " ind2=" " tag="035"><subfield code="a">(RERO)R006022489-41slsp</subfield></datafield><datafield ind1=" " ind2=" " tag="035"><subfield code="a">(EXLNZ-41SLSP_NETWORK)991144333599705501</subfield></datafield><datafield ind1=" " ind2=" " tag="040"><subfield code="a">RERO geulmu</subfield><subfield code="d">CH-ZuSLS</subfield></datafield><datafield ind1="0" ind2=" " tag="041"><subfield code="a">eng</subfield><subfield code="a">fre</subfield><subfield code="a">ger</subfield></datafield><datafield ind1=" " ind2="7" tag="072"><subfield code="a">mu</subfield><subfield code="2">rero</subfield></datafield><datafield ind1="1" ind2=" " tag="100"><subfield code="a">Purcell, Henry</subfield><subfield code="d">1659-1695</subfield><subfield code="0">(IDREF)032411200</subfield><subfield code="4">cre</subfield></datafield><datafield ind1="1" ind2="0" tag="245"><subfield code="a">Ten sonates in four parts</subfield><subfield code="b">= dix sonates à quatre = zehn Sonaten zu vier Stimmen</subfield><subfield code="c">Henry Purcell</subfield></datafield><datafield ind1=" " ind2="1" tag="264"><subfield code="a">[Lieu de publication non identifié]</subfield><subfield code="b">[éditeur non identifié]</subfield><subfield code="c">1982</subfield></datafield><datafield ind1=" " ind2=" " tag="300"><subfield code="a">1 disque sonore</subfield><subfield code="b">33 t.</subfield></datafield><datafield ind1=" " ind2=" " tag="336"><subfield code="b">prm</subfield><subfield code="2">rdacontent</subfield></datafield><datafield ind1=" " ind2=" " tag="337"><subfield code="b">s</subfield><subfield code="2">rdamedia</subfield></datafield><datafield ind1=" " ind2=" " tag="338"><subfield code="b">sd</subfield><subfield code="2">rdacarrier</subfield></datafield><datafield ind1=" " ind2=" " tag="500"><subfield code="a">Formation: 2 violons, basse continue, orgue</subfield></datafield><datafield ind1=" " ind2=" " tag="500"><subfield code="a">Tonalité: Si mineur ; Mi bémol majeur ; La mineur ; Ré mineur ; Sol mineur ; Ut majeur ; Do majeur ; Fa majeur ; Ré majeur</subfield></datafield><datafield ind1="0" ind2=" " tag="505"><subfield code="a">[Sonates (10). Violons (2), basse continue]</subfield></datafield><datafield ind1="1" ind2=" " tag="700"><subfield code="a">Coin, Christophe</subfield><subfield code="d">1958-....</subfield><subfield code="0">(IDREF)034086897</subfield></datafield><datafield ind1="1" ind2=" " tag="700"><subfield code="a">Hogwood, Christopher</subfield><subfield code="d">1941-2014</subfield><subfield code="0">(IDREF)034398570</subfield></datafield><datafield ind1="1" ind2=" " tag="700"><subfield code="a">Huggett, Monica</subfield><subfield code="d">1953-....</subfield><subfield code="0">(IDREF)082686351</subfield></datafield><datafield ind1="1" ind2=" " tag="700"><subfield code="a">McKintosh, Catherine</subfield><subfield code="d">1948-....</subfield><subfield code="0">(IDREF)15730647X</subfield></datafield><datafield ind1=" " ind2=" " tag="900"><subfield code="a">REROnoselfmerge</subfield></datafield><datafield ind1=" " ind2=" " tag="960"><subfield code="2">matmu</subfield><subfield code="a">Angleterre ; XVIIe ; Baroque ; Sonates</subfield><subfield code="9">LOCAL</subfield></datafield></record>
</metadata></record>