<record><header><identifier>oai:alma.41SLSP_UGE:991000786009705502</identifier><datestamp>2023-03-01T01:09:35Z</datestamp><setSpec>uge_bcen_RapidILL_BOOK</setSpec><setSpec>uge_aaca_RapidILL_BOOK</setSpec><setSpec>uge_abels_RapidILL_BOOK</setSpec><setSpec>uge_dbu_RapidILL_BOOK</setSpec><setSpec>uge_cmu_RapidILL_BOOK</setSpec><setSpec>uge_mail_RapidILL_BOOK</setSpec><setSpec>UNIGE_ALL</setSpec><setSpec>uge_abbat_RapidILL_BOOK</setSpec><setSpec>uge_aobs_RapidILL_BOOK</setSpec><setSpec>uge_acar_RapidILL_BOOK</setSpec></header><metadata>
<record xmlns="http://www.loc.gov/MARC21/slim" xmlns:xsi="http://www.w3.org/2001/XMLSchema-instance" xsi:schemaLocation="http://www.loc.gov/MARC21/slim http://www.loc.gov/standards/marcxml/schema/MARC21slim.xsd"><leader>01124naa a22002652c 4500</leader><controlfield tag="001">991000786009705502</controlfield><controlfield tag="005">20201230231248.0</controlfield><controlfield tag="008">201011s1888    sz            00| | fre|d</controlfield><datafield ind1=" " ind2=" " tag="035"><subfield code="a">(swissbib)221979077-41slsp_network</subfield></datafield><datafield ind1=" " ind2=" " tag="035"><subfield code="a">221979077</subfield><subfield code="9">ExL</subfield></datafield><datafield ind1=" " ind2=" " tag="035"><subfield code="a">(IDSBB)004511806DSV01</subfield></datafield><datafield ind1=" " ind2=" " tag="035"><subfield code="a">(RERO)0320316-41slsp</subfield></datafield><datafield ind1=" " ind2=" " tag="035"><subfield code="a">(EXLNZ-41SLSP_NETWORK)991081695189705501</subfield></datafield><datafield ind1=" " ind2=" " tag="040"><subfield code="a">RERO</subfield><subfield code="e">kids</subfield><subfield code="d">CH-ZuSLS</subfield></datafield><datafield ind1=" " ind2=" " tag="044"><subfield code="a">sz</subfield><subfield code="c">ch-ge</subfield></datafield><datafield ind1=" " ind2="7" tag="072"><subfield code="a">zo</subfield><subfield code="2">rero</subfield></datafield><datafield ind1="1" ind2=" " tag="100"><subfield code="6">880-01</subfield><subfield code="a">Forel, Auguste</subfield><subfield code="d">1848-1931</subfield><subfield code="0">(IDREF)030448379</subfield><subfield code="4">cre</subfield></datafield><datafield ind1="1" ind2=" " tag="880"><subfield code="a">Forel, Auguste</subfield><subfield code="d">1848-1931</subfield><subfield code="0">(DE-588)118534327</subfield><subfield code="6">100-01</subfield></datafield><datafield ind1="1" ind2="0" tag="245"><subfield code="a">Appendices à mon mémoire sur les sensations des insectes</subfield><subfield code="c">Aug. Forel</subfield></datafield><datafield ind1=" " ind2=" " tag="336"><subfield code="b">txt</subfield><subfield code="2">rdacontent</subfield></datafield><datafield ind1=" " ind2=" " tag="337"><subfield code="b">n</subfield><subfield code="2">rdamedia</subfield></datafield><datafield ind1=" " ind2=" " tag="338"><subfield code="b">nc</subfield><subfield code="2">rdacarrier</subfield></datafield><datafield ind1=" " ind2=" " tag="500"><subfield code="a">Zugl. erschienen als sonderdruck</subfield></datafield><datafield ind1=" " ind2=" " tag="580"><subfield code="a">In: Recueil zoologique suisse. - Genève. - T. IV, no 4(1888), p. 517-523</subfield></datafield><datafield ind1="0" ind2=" " tag="773"><subfield code="t">Recueil zoologique suisse : première série : comprenant l'embryologie, l'anatomie et l'histologie comparées, la physiologie, l'éthologie, la classification des animaux vivants ou fossiles</subfield><subfield code="g">1888/517</subfield><subfield code="g">yr:1888</subfield><subfield code="w">(RERO)0656392-41slsp</subfield></datafield><datafield ind1=" " ind2=" " tag="900"><subfield code="a">REROnoselfmerge</subfield></datafield></record>
</metadata></record>