<record><header><identifier>oai:alma.41SLSP_UGE:991000786839705502</identifier><datestamp>2023-03-18T01:16:54Z</datestamp><setSpec>uge_bcen_RapidILL_BOOK</setSpec><setSpec>uge_aaca_RapidILL_BOOK</setSpec><setSpec>uge_abels_RapidILL_BOOK</setSpec><setSpec>uge_dbu_RapidILL_BOOK</setSpec><setSpec>uge_cmu_RapidILL_BOOK</setSpec><setSpec>uge_mail_RapidILL_BOOK</setSpec><setSpec>uge_abbat_RapidILL_BOOK</setSpec><setSpec>UNIGE_ALL</setSpec><setSpec>uge_acar_RapidILL_BOOK</setSpec><setSpec>uge_aobs_RapidILL_BOOK</setSpec></header><metadata>
<record xmlns="http://www.loc.gov/MARC21/slim" xmlns:xsi="http://www.w3.org/2001/XMLSchema-instance" xsi:schemaLocation="http://www.loc.gov/MARC21/slim http://www.loc.gov/standards/marcxml/schema/MARC21slim.xsd"><leader>03530nam a2200721 c 4500</leader><controlfield tag="001">991000786839705502</controlfield><controlfield tag="005">20230317150546.0</controlfield><controlfield tag="008">201012s1997    gw     |      10| ||ger|d</controlfield><datafield ind1=" " ind2=" " tag="020"><subfield code="a">3883752746</subfield></datafield><datafield ind1=" " ind2=" " tag="035"><subfield code="a">(swissbib)239562615-41slsp_network</subfield></datafield><datafield ind1=" " ind2=" " tag="035"><subfield code="a">239562615</subfield><subfield code="9">ExL</subfield></datafield><datafield ind1=" " ind2=" " tag="035"><subfield code="a">(NEBIS)001784009EBI01</subfield></datafield><datafield ind1=" " ind2=" " tag="035"><subfield code="a">(IDSBB)002447236DSV01</subfield></datafield><datafield ind1=" " ind2=" " tag="035"><subfield code="a">(IDSLU)001018840ILU01</subfield></datafield><datafield ind1=" " ind2=" " tag="035"><subfield code="a">(RERO)R004255306-41slsp</subfield></datafield><datafield ind1=" " ind2=" " tag="035"><subfield code="a">(EXLNZ-41SLSP_NETWORK)991014371109705501</subfield></datafield><datafield ind1=" " ind2=" " tag="040"><subfield code="a">SIK</subfield><subfield code="b">ger</subfield><subfield code="e">ETHICS-ISBD</subfield><subfield code="d">CH-ZuSLS</subfield></datafield><datafield ind1=" " ind2="7" tag="072"><subfield code="a">0</subfield><subfield code="2">IDS LU</subfield></datafield><datafield ind1=" " ind2="7" tag="072"><subfield code="a">ba</subfield><subfield code="2">rero</subfield></datafield><datafield ind1="1" ind2="4" tag="082"><subfield code="a">700</subfield><subfield code="2">15</subfield></datafield><datafield ind1=" " ind2=" " tag="084"><subfield code="a">LI 99999</subfield><subfield code="2">rvk</subfield></datafield><datafield ind1="0" ind2="0" tag="245"><subfield code="a">Adrian Schiess</subfield><subfield code="b">Malerei</subfield><subfield code="c">Beiträge von Marcel Baumgartner, Ingke Günther, Markus Lepper, Ingo Schauermann, Susanne Weber ; Kunstgeschichtliches Seminar der Justus-Liebig-Universität Giessen</subfield></datafield><datafield ind1=" " ind2="1" tag="264"><subfield code="a">Köln</subfield><subfield code="b">Verlag der Buchhandlung Walther König</subfield><subfield code="c">1997</subfield></datafield><datafield ind1=" " ind2=" " tag="300"><subfield code="a">80 p.</subfield><subfield code="b">ill. en noir et en coul.</subfield><subfield code="c">22 cm</subfield></datafield><datafield ind1=" " ind2=" " tag="336"><subfield code="b">txt</subfield><subfield code="2">rdacontent</subfield></datafield><datafield ind1=" " ind2=" " tag="337"><subfield code="b">n</subfield><subfield code="2">rdamedia</subfield></datafield><datafield ind1=" " ind2=" " tag="338"><subfield code="b">nc</subfield><subfield code="2">rdacarrier</subfield></datafield><datafield ind1="1" ind2=" " tag="490"><subfield code="a">Kunstgeschichte und zeitgenössische Kunst</subfield><subfield code="v">Band 2</subfield></datafield><datafield ind1=" " ind2=" " tag="500"><subfield code="a">Katalog zur gleichnamigen Ausstellung: Kunsthalle Giessen, 6. Juni bis 27. Juli 1997</subfield></datafield><datafield ind1=" " ind2=" " tag="500"><subfield code="a">Exposition. Giessen. Kunsthalle. 1997</subfield></datafield><datafield ind1="1" ind2="4" tag="600"><subfield code="a">Schiess, Adrian</subfield><subfield code="d">1959-</subfield><subfield code="0">(DE-588)118607510</subfield></datafield><datafield ind1="1" ind2="7" tag="600"><subfield code="a">Schiess, Adrian</subfield><subfield code="d">1959-</subfield><subfield code="0">(DE-588)118607510</subfield><subfield code="2">gnd</subfield></datafield><datafield ind1="1" ind2="7" tag="600"><subfield code="a">Schiess, Adrian</subfield><subfield code="d">1959-....</subfield><subfield code="0">(IDREF)084740965</subfield><subfield code="2">idref</subfield></datafield><datafield ind1=" " ind2="7" tag="650"><subfield code="a">ABSTRAKTE MALEREI</subfield><subfield code="9">ger</subfield><subfield code="0">(ETHUDK)000046478</subfield><subfield code="2">ethudk</subfield></datafield><datafield ind1=" " ind2="7" tag="650"><subfield code="a">KÜNSTLER + KUNSTSCHAFFENDE</subfield><subfield code="9">ger</subfield><subfield code="0">(ETHUDK)000035335</subfield><subfield code="2">ethudk</subfield></datafield><datafield ind1=" " ind2="7" tag="650"><subfield code="a">PUBLIKATIONEN ZU TEMPORÄREN AUSSTELLUNGEN</subfield><subfield code="9">ger</subfield><subfield code="0">(ETHUDK)000009298</subfield><subfield code="2">ethudk</subfield></datafield><datafield ind1=" " ind2="7" tag="650"><subfield code="a">SCHWEIZ (MITTELEUROPA). SCHWEIZERISCHE EIDGENOSSENSCHAFT</subfield><subfield code="9">ger</subfield><subfield code="0">(ETHUDK)000004571</subfield><subfield code="2">ethudk</subfield></datafield><datafield ind1=" " ind2="7" tag="650"><subfield code="a">ZWANZIGSTES JAHRHUNDERT N. CHR.</subfield><subfield code="9">ger</subfield><subfield code="0">(ETHUDK)000008907</subfield><subfield code="2">ethudk</subfield></datafield><datafield ind1=" " ind2="7" tag="650"><subfield code="a">Malerei</subfield><subfield code="0">(DE-588)4037220-0</subfield><subfield code="2">gnd</subfield></datafield><datafield ind1=" " ind2="7" tag="655"><subfield code="v">Aufsatzsammlung</subfield><subfield code="2">idsmusi</subfield></datafield><datafield ind1=" " ind2="7" tag="655"><subfield code="a">Aufsatzsammlung</subfield><subfield code="2">gnd-content</subfield></datafield><datafield ind1=" " ind2="7" tag="655"><subfield code="a">Ausstellungskatalog</subfield><subfield code="z">Gießen</subfield><subfield code="y">1997</subfield><subfield code="2">gnd-content</subfield></datafield><datafield ind1=" " ind2="7" tag="655"><subfield code="a">Catalogues d'exposition</subfield><subfield code="0">(IDREF)027320456</subfield><subfield code="2">idref</subfield></datafield><datafield ind1=" " ind2=" " tag="690"><subfield code="a">Gießen</subfield><subfield code="x">Ausstellung</subfield><subfield code="x">Kunsthalle</subfield><subfield code="2">nebis-E4</subfield></datafield><datafield ind1=" " ind2=" " tag="690"><subfield code="a">Schweiz</subfield><subfield code="x">Malerei</subfield><subfield code="x">1980-1990</subfield><subfield code="2">nebis-E4</subfield></datafield><datafield ind1=" " ind2=" " tag="690"><subfield code="a">Schweiz</subfield><subfield code="x">Malerei</subfield><subfield code="x">1990-2000</subfield><subfield code="2">nebis-E4</subfield></datafield><datafield ind1=" " ind2=" " tag="690"><subfield code="a">Aufsatzsammlung</subfield><subfield code="2">nebis-E4</subfield></datafield><datafield ind1=" " ind2=" " tag="690"><subfield code="a">Schiess, Adrian</subfield><subfield code="d">1959-</subfield><subfield code="2">nebis-E5</subfield></datafield><datafield ind1=" " ind2=" " tag="690"><subfield code="a">Schiess, Adrian</subfield><subfield code="2">uzb-US</subfield></datafield><datafield ind1=" " ind2=" " tag="690"><subfield code="a">Ausstellung. Deutschland. Giessen. Kunsthalle</subfield><subfield code="2">uzb-US</subfield></datafield><datafield ind1=" " ind2=" " tag="690"><subfield code="a">Schiess, Adrian</subfield><subfield code="2">ubs-A5</subfield></datafield><datafield ind1="1" ind2=" " tag="700"><subfield code="a">Schiess, Adrian</subfield><subfield code="d">1959-</subfield><subfield code="0">(DE-588)118607510</subfield></datafield><datafield ind1="1" ind2=" " tag="700"><subfield code="a">Baumgartner, Marcel</subfield><subfield code="d">1950-</subfield><subfield code="0">(DE-588)131398121</subfield></datafield><datafield ind1="2" ind2=" " tag="710"><subfield code="a">Galerie Susanna Kulli</subfield><subfield code="0">(DE-588)2159897-6</subfield><subfield code="e">Früherer Eigentümer</subfield><subfield code="4">fmo</subfield><subfield code="5">Exemplar Zentralbibliothek Zürich</subfield></datafield><datafield ind1="2" ind2=" " tag="710"><subfield code="a">Justus-Liebig-Universität Gießen</subfield><subfield code="b">Kunstgeschichtliches Seminar</subfield><subfield code="0">(DE-588)2160076-4</subfield></datafield><datafield ind1="2" ind2=" " tag="710"><subfield code="a">Kunsthalle Gießen</subfield><subfield code="0">(DE-588)3020582-7</subfield></datafield><datafield ind1="2" ind2=" " tag="711"><subfield code="a">Adrian Schiess: Malerei</subfield><subfield code="d">1997</subfield><subfield code="c">Giessen</subfield><subfield code="0">(DE-588)1091534241</subfield></datafield><datafield ind1="4" ind2=" " tag="856"><subfield code="3">Titelblatt und Inhaltsverzeichnis</subfield><subfield code="u">https://toc.library.ethz.ch/objects/pdf03/z02_3-88375-274-6_01.pdf</subfield><subfield code="q">pdf</subfield></datafield><datafield ind1=" " ind2=" " tag="830"><subfield code="a">Kunstgeschichte und zeitgenössische Kunst</subfield><subfield code="v">2</subfield><subfield code="w">(RERO)R220295860-41slsp</subfield></datafield><datafield ind1=" " ind2=" " tag="830"><subfield code="a">Kunstgeschichte und zeitgenössische Kunst</subfield><subfield code="v">2</subfield><subfield code="w">(IDSBB)001347565DSV01</subfield></datafield><datafield ind1=" " ind2=" " tag="900"><subfield code="b">IDSZ1E65DLGK-2004</subfield></datafield><datafield ind1=" " ind2=" " tag="900"><subfield code="a">IDSZ2zbzmon201802l</subfield><subfield code="c">IDSZ2knec</subfield><subfield code="d">IDSZ2zbzswk201806b</subfield><subfield code="e">IDSZ2schl</subfield></datafield><datafield ind1=" " ind2=" " tag="900"><subfield code="a">REROnoselfmerge</subfield></datafield><datafield ind1=" " ind2=" " tag="949"><subfield code="a">https://toc.library.ethz.ch/objects/pdf03/z02_3-88375-274-6_01.pdf</subfield></datafield><datafield ind1=" " ind2=" " tag="993"><subfield code="a">BFLA 192476</subfield><subfield code="x">ge/ulha/d/06/1106</subfield><subfield code="9">LOCAL</subfield></datafield></record>
</metadata></record>