<record><header><identifier>oai:alma.41SLSP_UGE:991000786509705502</identifier><datestamp>2023-12-15T01:25:45Z</datestamp><setSpec>uge_bcen_RapidILL_BOOK</setSpec><setSpec>uge_aaca_RapidILL_BOOK</setSpec><setSpec>uge_abels_RapidILL_BOOK</setSpec><setSpec>uge_dbu_RapidILL_BOOK</setSpec><setSpec>uge_cmu_RapidILL_BOOK</setSpec><setSpec>uge_mail_RapidILL_BOOK</setSpec><setSpec>uge_abbat_RapidILL_BOOK</setSpec><setSpec>UNIGE_ALL</setSpec><setSpec>uge_aobs_RapidILL_BOOK</setSpec><setSpec>uge_acar_RapidILL_BOOK</setSpec></header><metadata>
<record xmlns="http://www.loc.gov/MARC21/slim" xmlns:xsi="http://www.w3.org/2001/XMLSchema-instance" xsi:schemaLocation="http://www.loc.gov/MARC21/slim http://www.loc.gov/standards/marcxml/schema/MARC21slim.xsd"><leader>02531nam a2200577 c 4500</leader><controlfield tag="001">991000786509705502</controlfield><controlfield tag="005">20230214195016.0</controlfield><controlfield tag="008">201011s1996    gw ||||| |||| 00| ||ger d</controlfield><datafield ind1=" " ind2=" " tag="015"><subfield code="a">96,A29,0274</subfield></datafield><datafield ind1=" " ind2=" " tag="020"><subfield code="a">3761301820</subfield><subfield code="q">kart.</subfield></datafield><datafield ind1=" " ind2=" " tag="035"><subfield code="a">(swissbib)231646224-41slsp_network</subfield></datafield><datafield ind1=" " ind2=" " tag="035"><subfield code="a">231646224</subfield><subfield code="9">ExL</subfield></datafield><datafield ind1=" " ind2=" " tag="035"><subfield code="a">(RERO)R219525060-41slsp</subfield></datafield><datafield ind1=" " ind2=" " tag="035"><subfield code="a">(IDSBB)001426794DSV01</subfield></datafield><datafield ind1=" " ind2=" " tag="035"><subfield code="a">(NEBIS)001651384EBI01</subfield></datafield><datafield ind1=" " ind2=" " tag="035"><subfield code="a">(IDSLU)000220969ILU01</subfield></datafield><datafield ind1=" " ind2=" " tag="035"><subfield code="a">(EXLNZ-41SLSP_NETWORK)991013629619705501</subfield></datafield><datafield ind1=" " ind2=" " tag="040"><subfield code="a">RERO frbcuc</subfield><subfield code="d">CH-ZuSLS</subfield></datafield><datafield ind1=" " ind2="7" tag="072"><subfield code="a">th</subfield><subfield code="2">rero</subfield></datafield><datafield ind1=" " ind2="7" tag="072"><subfield code="a">th</subfield><subfield code="2">SzZuIDS BS/BE</subfield></datafield><datafield ind1=" " ind2=" " tag="084"><subfield code="a">BO 2701</subfield><subfield code="2">rvk</subfield></datafield><datafield ind1=" " ind2=" " tag="084"><subfield code="a">FX 341602</subfield><subfield code="2">rvk</subfield></datafield><datafield ind1=" " ind2=" " tag="084"><subfield code="a">CE 1817</subfield><subfield code="2">rvk</subfield></datafield><datafield ind1="1" ind2=" " tag="100"><subfield code="a">Friedrich, Benno E.</subfield><subfield code="0">(RERO)A003265024</subfield><subfield code="4">cre</subfield></datafield><datafield ind1="1" ind2="0" tag="245"><subfield code="a">Augustins Weg zu Gott</subfield><subfield code="b">eine didaktische Lesehilfe zu den &quot;Bekenntnissen&quot; (I-IX)</subfield><subfield code="c">Benno E. Friedrich</subfield></datafield><datafield ind1=" " ind2="1" tag="264"><subfield code="a">Würzburg</subfield><subfield code="b">Augustinusverl.</subfield><subfield code="c">1996</subfield></datafield><datafield ind1=" " ind2=" " tag="300"><subfield code="a">103 S.</subfield><subfield code="c">30 cm</subfield></datafield><datafield ind1=" " ind2=" " tag="336"><subfield code="b">txt</subfield><subfield code="2">rdacontent</subfield></datafield><datafield ind1=" " ind2=" " tag="337"><subfield code="b">n</subfield><subfield code="2">rdamedia</subfield></datafield><datafield ind1=" " ind2=" " tag="338"><subfield code="b">nc</subfield><subfield code="2">rdacarrier</subfield></datafield><datafield ind1="0" ind2="7" tag="600"><subfield code="a">Augustin</subfield><subfield code="c">(saint).</subfield><subfield code="t">&quot;Confessions.</subfield><subfield code="n">1 - 9&quot;</subfield><subfield code="2">rero</subfield></datafield><datafield ind1="1" ind2="7" tag="600"><subfield code="a">Augustinus, Aurelius</subfield><subfield code="x">Confessiones</subfield><subfield code="2">idsbb</subfield></datafield><datafield ind1="1" ind2="7" tag="600"><subfield code="a">Augustinus, Aurelius; Confessiones 1-9</subfield><subfield code="2">idszbz</subfield></datafield><datafield ind1="1" ind2="7" tag="600"><subfield code="a">Augustinus, Aurelius</subfield><subfield code="c">Heiliger</subfield><subfield code="d">354-430</subfield><subfield code="0">(DE-588)118505114</subfield><subfield code="2">gnd</subfield></datafield><datafield ind1="1" ind2="7" tag="600"><subfield code="a">Augustinus, Aurelius</subfield><subfield code="c">Heiliger</subfield><subfield code="d">354-430</subfield><subfield code="t">Confessiones 1-9</subfield><subfield code="0">(DE-588)4412927-0</subfield><subfield code="2">gnd</subfield></datafield><datafield ind1="0" ind2="0" tag="600"><subfield code="a">Augustine</subfield><subfield code="c">Saint, Bishop of Hippo</subfield><subfield code="t">Confessiones</subfield><subfield code="x">Criticism, interpretation, etc</subfield></datafield><datafield ind1="0" ind2="0" tag="600"><subfield code="a">Augustine</subfield><subfield code="c">Saint, Bishop of Hippo</subfield><subfield code="t">Confessiones</subfield><subfield code="x">Study and teaching</subfield></datafield><datafield ind1="1" ind2="7" tag="600"><subfield code="a">Augustinus, Aurelius; Confessiones 1-9</subfield><subfield code="x">Religionsunterricht</subfield><subfield code="x">Lehrmittel</subfield><subfield code="2">idszbz</subfield></datafield><datafield ind1="1" ind2="7" tag="600"><subfield code="a">Augustinus, Aurelius; Confessiones 1-9</subfield><subfield code="x">Gemeindearbeit</subfield><subfield code="x">Katholische Kirche</subfield><subfield code="x">Lehrmittel</subfield><subfield code="2">idszbz</subfield></datafield><datafield ind1="2" ind2="7" tag="610"><subfield code="a">Katholische Kirche</subfield><subfield code="2">idszbz</subfield></datafield><datafield ind1="2" ind2="7" tag="610"><subfield code="a">Katholische Kirche</subfield><subfield code="x">Gemeindearbeit</subfield><subfield code="x">Augustinus, Aurelius; Confessiones 1-9</subfield><subfield code="x">Lehrmittel</subfield><subfield code="2">idszbz</subfield></datafield><datafield ind1=" " ind2="7" tag="650"><subfield code="a">Éducation religieuse</subfield><subfield code="0">(IDREF)027335941</subfield><subfield code="2">idref</subfield></datafield><datafield ind1=" " ind2="7" tag="650"><subfield code="a">Gemeindearbeit</subfield><subfield code="2">idszbz</subfield></datafield><datafield ind1=" " ind2="7" tag="650"><subfield code="a">Religionsunterricht</subfield><subfield code="2">idszbz</subfield></datafield><datafield ind1=" " ind2="7" tag="650"><subfield code="a">Gemeindearbeit</subfield><subfield code="0">(DE-588)4128650-9</subfield><subfield code="2">gnd</subfield></datafield><datafield ind1=" " ind2="7" tag="650"><subfield code="a">Katholische Kirche</subfield><subfield code="g">Motiv</subfield><subfield code="0">(DE-588)4199199-0</subfield><subfield code="2">gnd</subfield></datafield><datafield ind1=" " ind2="7" tag="650"><subfield code="a">Religionsunterricht</subfield><subfield code="0">(DE-588)4049422-6</subfield><subfield code="2">gnd</subfield></datafield><datafield ind1=" " ind2="7" tag="650"><subfield code="a">Religionsunterricht</subfield><subfield code="x">Augustinus, Aurelius; Confessiones 1-9</subfield><subfield code="x">Lehrmittel</subfield><subfield code="2">idszbz</subfield></datafield><datafield ind1=" " ind2="7" tag="650"><subfield code="a">Gemeindearbeit</subfield><subfield code="x">Katholische Kirche</subfield><subfield code="x">Augustinus, Aurelius; Confessiones 1-9</subfield><subfield code="x">Lehrmittel</subfield><subfield code="2">idszbz</subfield></datafield><datafield ind1=" " ind2="7" tag="655"><subfield code="a">Commentaire de texte</subfield><subfield code="0">(IDREF)27790681</subfield><subfield code="2">idref</subfield></datafield><datafield ind1=" " ind2="7" tag="655"><subfield code="a">Lehrmittel</subfield><subfield code="2">idszbz</subfield></datafield><datafield ind1=" " ind2=" " tag="900"><subfield code="a">REROnoselfmerge</subfield></datafield></record>
</metadata></record>