<record><header><identifier>oai:alma.41SLSP_UGE:991000775439705502</identifier><datestamp>2023-05-23T00:12:23Z</datestamp><setSpec>uge_bcen_RapidILL_BOOK</setSpec><setSpec>uge_aaca_RapidILL_BOOK</setSpec><setSpec>uge_abels_RapidILL_BOOK</setSpec><setSpec>uge_dbu_RapidILL_BOOK</setSpec><setSpec>uge_cmu_RapidILL_BOOK</setSpec><setSpec>uge_mail_RapidILL_BOOK</setSpec><setSpec>uge_abbat_RapidILL_BOOK</setSpec><setSpec>UNIGE_ALL</setSpec><setSpec>uge_aobs_RapidILL_BOOK</setSpec><setSpec>uge_acar_RapidILL_BOOK</setSpec></header><metadata>
<record xmlns="http://www.loc.gov/MARC21/slim" xmlns:xsi="http://www.w3.org/2001/XMLSchema-instance" xsi:schemaLocation="http://www.loc.gov/MARC21/slim http://www.loc.gov/standards/marcxml/schema/MARC21slim.xsd"><leader>02406nam a2200589 c 4500</leader><controlfield tag="001">991000775439705502</controlfield><controlfield tag="005">20230516185901.0</controlfield><controlfield tag="008">201011s1981    gr            01| | eng d</controlfield><datafield ind1=" " ind2=" " tag="035"><subfield code="a">(swissbib)217549934-41slsp_network</subfield></datafield><datafield ind1=" " ind2=" " tag="035"><subfield code="a">217549934</subfield><subfield code="9">ExL</subfield></datafield><datafield ind1=" " ind2=" " tag="035"><subfield code="a">(IDSBB)000048694DSV01</subfield></datafield><datafield ind1=" " ind2=" " tag="035"><subfield code="a">(NEBIS)003126887EBI01</subfield></datafield><datafield ind1=" " ind2=" " tag="035"><subfield code="a">(RERO)0433358-41slsp</subfield></datafield><datafield ind1=" " ind2=" " tag="035"><subfield code="a">(EXLNZ-41SLSP_NETWORK)991094004779705501</subfield></datafield><datafield ind1=" " ind2=" " tag="040"><subfield code="a">SzZuIDS BS/BE B550</subfield><subfield code="e">kids</subfield><subfield code="d">CH-ZuSLS</subfield></datafield><datafield ind1="0" ind2=" " tag="041"><subfield code="a">eng</subfield><subfield code="a">ger</subfield><subfield code="a">fre</subfield></datafield><datafield ind1=" " ind2="7" tag="072"><subfield code="a">ag</subfield><subfield code="2">SzZuIDS BS/BE</subfield></datafield><datafield ind1=" " ind2="7" tag="072"><subfield code="a">ha</subfield><subfield code="2">rero</subfield></datafield><datafield ind1="0" ind2="4" tag="082"><subfield code="a">938.07</subfield><subfield code="2">19</subfield></datafield><datafield ind1="1" ind2="4" tag="082"><subfield code="a">930</subfield><subfield code="2">15</subfield></datafield><datafield ind1="0" ind2="0" tag="245"><subfield code="a">Ancient Macedonian studies in honor of Charles F. Edson</subfield><subfield code="c">[ed. : Harry J. Dell]</subfield></datafield><datafield ind1=" " ind2="1" tag="264"><subfield code="a">Thessaloniki</subfield><subfield code="b">Institute for Balkan studies</subfield><subfield code="c">1981</subfield></datafield><datafield ind1=" " ind2=" " tag="300"><subfield code="a">407 S.</subfield><subfield code="b">Ill.</subfield><subfield code="c">24 cm</subfield></datafield><datafield ind1=" " ind2=" " tag="336"><subfield code="b">txt</subfield><subfield code="2">rdacontent</subfield></datafield><datafield ind1=" " ind2=" " tag="337"><subfield code="b">n</subfield><subfield code="2">rdamedia</subfield></datafield><datafield ind1=" " ind2=" " tag="338"><subfield code="b">nc</subfield><subfield code="2">rdacarrier</subfield></datafield><datafield ind1="1" ind2=" " tag="490"><subfield code="a">Institute for Balkan studies</subfield><subfield code="v">158</subfield></datafield><datafield ind1=" " ind2=" " tag="500"><subfield code="a">Text überwiegend engl., einige Beiträge sind franz. oder deutsch</subfield></datafield><datafield ind1=" " ind2="4" tag="648"><subfield code="a">Geschichte Anfänge-268</subfield></datafield><datafield ind1=" " ind2="7" tag="650"><subfield code="a">inscription grecque</subfield><subfield code="0">(RERO)A009987619</subfield><subfield code="2">rerovoc</subfield></datafield><datafield ind1=" " ind2="7" tag="650"><subfield code="a">monde hellénistique</subfield><subfield code="0">(RERO)A009994826</subfield><subfield code="2">rerovoc</subfield></datafield><datafield ind1=" " ind2="7" tag="651"><subfield code="a">Makedonien</subfield><subfield code="y">Geschichte Altertum</subfield><subfield code="2">idsbb</subfield></datafield><datafield ind1=" " ind2="4" tag="651"><subfield code="a">Makedonien (Altertum)</subfield></datafield><datafield ind1=" " ind2="0" tag="651"><subfield code="a">Macedonia</subfield><subfield code="x">Antiquities</subfield></datafield><datafield ind1=" " ind2="0" tag="651"><subfield code="a">Macedonia</subfield><subfield code="x">History</subfield></datafield><datafield ind1=" " ind2="7" tag="651"><subfield code="a">Macédoine</subfield><subfield code="0">(IDREF)027522296</subfield><subfield code="2">idref</subfield></datafield><datafield ind1=" " ind2="7" tag="651"><subfield code="a">Grèce</subfield><subfield code="y">Jusqu'à 395</subfield><subfield code="0">(IDREF)027355802</subfield><subfield code="2">idref</subfield></datafield><datafield ind1=" " ind2="7" tag="651"><subfield code="a">Grèce antique - Domination macédonienne (323 av. J.-C.-281 av. J.-C.)</subfield><subfield code="0">(RERO)A025250480</subfield><subfield code="2">rero</subfield></datafield><datafield ind1=" " ind2="4" tag="655"><subfield code="a">Aufsatzsammlung</subfield></datafield><datafield ind1=" " ind2="7" tag="655"><subfield code="a">Bibliografie</subfield><subfield code="2">gnd-content</subfield></datafield><datafield ind1=" " ind2="7" tag="655"><subfield code="a">Festschrift</subfield><subfield code="2">gnd-content</subfield></datafield><datafield ind1=" " ind2="7" tag="655"><subfield code="a">[Études diverses]</subfield><subfield code="0">(RERO)A022249905</subfield><subfield code="2">rero</subfield></datafield><datafield ind1=" " ind2=" " tag="690"><subfield code="a">Edson, Charles F</subfield><subfield code="2">uzb-Z9</subfield></datafield><datafield ind1=" " ind2=" " tag="690"><subfield code="a">Makedonien (Landschaft) / Geschichte, Politik / Einzelne Zeiträume / Altertum / 1950- ersch.</subfield><subfield code="2">uzb-Z9</subfield></datafield><datafield ind1=" " ind2="7" tag="651"><subfield code="a">Grèce</subfield><subfield code="y">323-146 av. J.-C. (Époque hellénistique)</subfield><subfield code="0">(IDREF)027433706</subfield><subfield code="2">idref</subfield></datafield><datafield ind1="1" ind2=" " tag="700"><subfield code="a">Dell, Harry James</subfield></datafield><datafield ind1="1" ind2=" " tag="700"><subfield code="a">Dell, Harry J.</subfield></datafield><datafield ind1="1" ind2=" " tag="700"><subfield code="a">Edson, Charles F</subfield><subfield code="0">(RERO)A012391734</subfield></datafield><datafield ind1=" " ind2="0" tag="830"><subfield code="a">Institute for Balkan Studies</subfield><subfield code="v">158</subfield><subfield code="w">(RERO)0043690-41slsp</subfield></datafield><datafield ind1=" " ind2="0" tag="830"><subfield code="a">Idryma meleto̲n Chersoni̲sou tou Aimou</subfield><subfield code="v">158</subfield><subfield code="w">(IDSBB)000018640DSV01</subfield></datafield><datafield ind1=" " ind2="0" tag="830"><subfield code="a">Idryma meleto̲n Chersoni̲sou tou Aimou</subfield><subfield code="v">158</subfield><subfield code="w">(NEBIS)000998186EBI01</subfield></datafield><datafield ind1=" " ind2=" " tag="900"><subfield code="a">IDSZRMedeaZBZ</subfield></datafield><datafield ind1=" " ind2=" " tag="900"><subfield code="f">IDSU2medea</subfield></datafield></record>
</metadata></record>