<record><header><identifier>oai:alma.41SLSP_UGE:991000774919705502</identifier><datestamp>2024-08-31T00:21:51Z</datestamp><setSpec>uge_bcen_RapidILL_BOOK</setSpec><setSpec>uge_aaca_RapidILL_BOOK</setSpec><setSpec>uge_abels_RapidILL_BOOK</setSpec><setSpec>uge_dbu_RapidILL_BOOK</setSpec><setSpec>uge_cmu_RapidILL_BOOK</setSpec><setSpec>uge_mail_RapidILL_BOOK</setSpec><setSpec>uge_abbat_RapidILL_BOOK</setSpec><setSpec>UNIGE_ALL</setSpec><setSpec>uge_aobs_RapidILL_BOOK</setSpec><setSpec>uge_acar_RapidILL_BOOK</setSpec></header><metadata>
<record xmlns="http://www.loc.gov/MARC21/slim" xmlns:xsi="http://www.w3.org/2001/XMLSchema-instance" xsi:schemaLocation="http://www.loc.gov/MARC21/slim http://www.loc.gov/standards/marcxml/schema/MARC21slim.xsd"><leader>06625ncm a2200625 c 4500</leader><controlfield tag="001">991000774919705502</controlfield><controlfield tag="005">20240830151153.0</controlfield><controlfield tag="008">201012s2005    xxu||l||            fre d</controlfield><datafield ind1=" " ind2=" " tag="020"><subfield code="a">0895795647</subfield></datafield><datafield ind1=" " ind2=" " tag="035"><subfield code="a">(swissbib)242424643-41slsp_network</subfield></datafield><datafield ind1=" " ind2=" " tag="035"><subfield code="a">242424643</subfield><subfield code="9">ExL</subfield></datafield><datafield ind1=" " ind2=" " tag="035"><subfield code="a">(RERO)R003886616-41slsp</subfield></datafield><datafield ind1=" " ind2=" " tag="035"><subfield code="a">(IDSBB)003638749DSV01</subfield></datafield><datafield ind1=" " ind2=" " tag="035"><subfield code="a">(NEBIS)008907061EBI01</subfield></datafield><datafield ind1=" " ind2=" " tag="035"><subfield code="a">(EXLNZ-41SLSP_NETWORK)991000402669705501</subfield></datafield><datafield ind1=" " ind2=" " tag="040"><subfield code="a">RERO frbcuc</subfield><subfield code="d">CH-ZuSLS</subfield></datafield><datafield ind1=" " ind2="7" tag="072"><subfield code="a">mu</subfield><subfield code="2">rero</subfield></datafield><datafield ind1=" " ind2="7" tag="072"><subfield code="a">mu</subfield><subfield code="2">SzZuIDS BS/BE</subfield></datafield><datafield ind1="1" ind2="4" tag="082"><subfield code="a">780</subfield><subfield code="2">15</subfield></datafield><datafield ind1=" " ind2=" " tag="084"><subfield code="a">LT 92200</subfield><subfield code="2">rvk</subfield></datafield><datafield ind1="1" ind2=" " tag="100"><subfield code="6">880-01</subfield><subfield code="a">Lambert, Michel</subfield><subfield code="d">1610?-1696</subfield><subfield code="0">(IDREF)035729244</subfield><subfield code="4">cre</subfield></datafield><datafield ind1="1" ind2=" " tag="880"><subfield code="a">Lambert, Michel</subfield><subfield code="d">1610-1696</subfield><subfield code="0">(DE-588)119401096</subfield><subfield code="6">100-01</subfield></datafield><datafield ind1="1" ind2="0" tag="240"><subfield code="a">Airs</subfield><subfield code="m">Singst 2</subfield></datafield><datafield ind1="1" ind2="0" tag="245"><subfield code="a">Airs from &quot;Airs de différents autheurs&quot;</subfield><subfield code="c">Michel Lambert ; ed. by Robert A. Green</subfield></datafield><datafield ind1=" " ind2="1" tag="264"><subfield code="a">Middleton Wis.</subfield><subfield code="b">A-R Ed.</subfield><subfield code="c">[2005]</subfield></datafield><datafield ind1=" " ind2="4" tag="264"><subfield code="c">© 2005</subfield></datafield><datafield ind1=" " ind2=" " tag="300"><subfield code="a">1 partition (XLIV, 151 p., 3 p. de pl.)</subfield><subfield code="c">31 cm</subfield></datafield><datafield ind1=" " ind2=" " tag="336"><subfield code="b">ntm</subfield><subfield code="2">rdacontent</subfield></datafield><datafield ind1=" " ind2=" " tag="337"><subfield code="b">n</subfield><subfield code="2">rdamedia</subfield></datafield><datafield ind1=" " ind2=" " tag="338"><subfield code="b">nc</subfield><subfield code="2">rdacarrier</subfield></datafield><datafield ind1=" " ind2=" " tag="348"><subfield code="a">Partitur</subfield><subfield code="2">gnd-music</subfield></datafield><datafield ind1=" " ind2=" " tag="348"><subfield code="a">partition</subfield><subfield code="2">gnd-music/fre</subfield></datafield><datafield ind1=" " ind2=" " tag="348"><subfield code="a">partitura</subfield><subfield code="2">gnd-music/ita</subfield></datafield><datafield ind1=" " ind2=" " tag="382"><subfield code="a">voix</subfield><subfield code="n">2S B</subfield><subfield code="2">reromusi</subfield></datafield><datafield ind1=" " ind2=" " tag="382"><subfield code="a">Singstimme</subfield><subfield code="n">2</subfield><subfield code="2">idsmusi</subfield></datafield><datafield ind1=" " ind2=" " tag="382"><subfield code="a">Singstimme</subfield><subfield code="n">1</subfield><subfield code="a">Basso continuo</subfield><subfield code="n">1</subfield><subfield code="2">idsmusi</subfield></datafield><datafield ind1="1" ind2=" " tag="490"><subfield code="a">Recent researches in the music of the baroque era</subfield><subfield code="v">139</subfield></datafield><datafield ind1=" " ind2=" " tag="500"><subfield code="a">Texte français avec traduction anglaise dans les pages liminaires</subfield></datafield><datafield ind1=" " ind2=" " tag="500"><subfield code="a">Krit. Bericht S. 143ff.</subfield></datafield><datafield ind1=" " ind2=" " tag="500"><subfield code="a">Liedtexte franz. ; engl. Übersetzung in der Einleitung</subfield></datafield><datafield ind1="0" ind2=" " tag="505"><subfield code="a">Pourquoy faut-il, belle inhumaine ; J'ay veu les beaux yeux de Silvie ; Les regards de Philis avoient tant de douceur ; Mes yeux vous ont parlé ; Quand je vous aurois dit que je suis misérable ; Je n'ay jamais parlé de mon amour extresme ; Lassé des rigueurs de Climeine ; Philis, vostre pitié n'a rien qui me soulage ; J'ay si bien publié vos attraits mes vainqueurs ; Vous ignorez encor mon amoureux martyre ; Pourrois-tu douter de ma foy ; Jugez si ma peine est extresme ; Que ferons-nous mon cœur ; L'aymable Iris s'en est allée ; Allez, allez suivez ses pas ; Superbes ennemis du repos de mon âme ; Sombres déserts, retraite de la nuit ; Je goustois cent mille douceurs ; Charmante Iris, quand je vous voy paroistre ; Puisque chacun doit aymer à son tour ; Il faut aymer ; Que me sert-il d'estre fidelle ; J'ay juré mile fois de ne jamais aymer ; D'un feu secret je me sens consommer ; Pourquoy vous offencer ; Belle Philis entre nous deux ; Puisque par un arrest du sort ; J'aymerois mieux souffrir la mort ; Pour avoir tant souffert et jamais murmuré ; Je ne veux plus vous voir ; C'en est fait, belle Iris ; Je meurs, vous le voyez ; Si l'Amour, belle Iris, vous pouvoit engager ; Mille cœurs enchaisnez ; Hélas! que faut-il que j'espère? ; C'est trop faire languir de si justes désirs ; Plaisirs voicy le temps qui nous est destiné ; Taisez-vous, tambours et trompettes ; Pour estre aymé</subfield></datafield><datafield ind1="0" ind2=" " tag="505"><subfield code="a">Autant que j'ay d'amour vous avez de beauté ; Quand vos rigueurs m'ordonnèrent l'absence ; Ah! puisque la rigueur extresme ; Il faut mourir plustost que de changer ; Beaux yeux! arbitres de mon sort ; J'ayme, je suis aymé ; Enfin l'aymable Printemps ; Enfin, belle Philis, voicy cet heureux jour ; Absent de vous je languis nuit et jour ; En vain, belle Philis, je me laisse enflammer ; Dites-moy, belle Iris, seriez-vous sans affaire ; Enfin nostre bonheur passe nostre espérance ; Faut-il pour soulager ma peine ; Vos yeux, cruelle Iris, en me voyant souffrir ; Quoy? belle Iris, vous ne sçauriez comprendre ; Fiers et charmans regards ; Ne craignez point le naufrage ; J'aymais, j'estois aymé d'une beauté charmante ; Beaux yeux qui me charmez! ; J'ay pleuré, belle Iris, j'ay pleuré vos malheurs ; Il est vray qu'amour a ses peines ; Enfin je l'ay perdu ; Quand l'Amour à vos yeux ; Mes yeux, que vos plaisirs coustent cher ; Que vous connoissez peu, trop aymable Climeine ; Foible raison qui m'avois deffendu ; Si l'Amour vous soûmet à ses loix inhumaines ; Vous demandez comment il est possible ; À quoy m'engagez-vous, adorable Silvie? ; Vous laissez murmurer cette claire fontaine ; À ce retour de la saison nouvelle ; Rochers, vous estes sourds ; J'avois déjà passé pres d'un jour sans la voir ; Ce n'est pas assez d'estre belle ; Que faites-vous, Silvie ; Ah! qu'il est fascheux de souffrir ; Tout l'univers obeït à l'Amour ; Vous avez des appas plus qu'il n'en faut ; J'ay mille fois pensé ; Passer prés du hameau de sa jeune bergère</subfield></datafield><datafield ind1="0" ind2=" " tag="505"><subfield code="a">Ne craignez point mes feux ; Pour bien chanter d'amour ; Vous n'aymez pas d'entendre ; Vos mépris tous les jours ; Voicy le lieu fatal ; Si je connaissois qu'un amant ; Beaux yeux qui connoissez le tourment ; Ha! que les yeux de la belle Amarante ; Que me sert-il, hélas! ; Devant vos yeux ; Vous ne me verrez plus ; Sans les peines que j'endure ; Il est vray l'amour est charmant ; Doux charme du printemps ; Que d'amans separez languissent nuit et jour ; Par mes chants ; Il n'est point d'amour sans peine ; Hélas! l'heureux Tircis ; Ah! qui voudra désormais s'engager? ; Vous ne sçauriez mes yeux ; Charmante nuict hastez vostre retour ; Vos mépris chaque jour ; Faisons ce qu'a fait mon berger ; Le printemps et l'amour ; Ma bergère est tendre et fidelle ; J'adore une beauté si fière, si cruelle ; Si je puis bannir de mon cœur ; Je meurs des maux que vous me faites ; L'aymable saison des zéphirs ; Je fuis tous les plaisirs éloigné de Silvie ; Une jeune et tendre beauté ; Le rossignol que l'on admire ; Je suis aymé de celle que j'adore ; Le repos, l'ombre, le silence ; Quand j'estois seul près de Silvie ; Iris n'est plus ; On connoist peu l'amour ; Printemps, à quels ennuits ne me livres-tu pas? ; Goûtons un doux repos ; Aymables habitans de ce naissant boccage ; Non, non je ne veux plus m'engager ; La paix estoit maistresse de mon cœur</subfield></datafield><datafield ind1=" " ind2="7" tag="655"><subfield code="a">Air</subfield><subfield code="y">17. Jh.</subfield><subfield code="2">idsmusg</subfield></datafield><datafield ind1=" " ind2="7" tag="655"><subfield code="a">Air</subfield><subfield code="x">voix (2S B)</subfield><subfield code="y">1651-1700</subfield><subfield code="2">reromusg</subfield></datafield><datafield ind1=" " ind2=" " tag="690"><subfield code="a">Air</subfield><subfield code="d">voix (2S B)</subfield><subfield code="e">1651-1700</subfield><subfield code="2">musg</subfield></datafield><datafield ind1=" " ind2=" " tag="690"><subfield code="a">voix (2S B)</subfield><subfield code="2">musi</subfield></datafield><datafield ind1=" " ind2=" " tag="690"><subfield code="a">Air</subfield><subfield code="q">Singstimme (2)</subfield><subfield code="t">17. Jh.</subfield><subfield code="v">Noten</subfield><subfield code="2">ids-music</subfield></datafield><datafield ind1=" " ind2=" " tag="690"><subfield code="a">Air</subfield><subfield code="q">Singstimme, Basso continuo</subfield><subfield code="t">17. Jh.</subfield><subfield code="v">Noten</subfield><subfield code="2">ids-music</subfield></datafield><datafield ind1=" " ind2=" " tag="690"><subfield code="a">Air</subfield><subfield code="2">uzb-UV</subfield></datafield><datafield ind1="0" ind2=" " tag="700"><subfield code="a">Airs</subfield><subfield code="m">Singst 2 Bc</subfield></datafield><datafield ind1="1" ind2=" " tag="700"><subfield code="a">Green, Robert A.</subfield></datafield><datafield ind1="1" ind2=" " tag="700"><subfield code="a">Green, Robert Anthony</subfield><subfield code="0">(RERO)A003317236</subfield></datafield><datafield ind1="1" ind2="2" tag="700"><subfield code="a">Lambert, Michel</subfield><subfield code="d">1610-1696</subfield><subfield code="t">Airs.</subfield><subfield code="r">1658-1694.</subfield><subfield code="k">Extraits</subfield></datafield><datafield ind1=" " ind2="0" tag="830"><subfield code="a">Recent researches in the music of the baroque era</subfield><subfield code="v">139</subfield><subfield code="w">(NEBIS)000988938EBI01</subfield></datafield><datafield ind1=" " ind2=" " tag="900"><subfield code="a">REROnoselfmerge</subfield></datafield><datafield ind1=" " ind2=" " tag="960"><subfield code="2">matmu</subfield><subfield code="a">France ; XVIIe ; Baroque ; Airs ; Musique vocale</subfield><subfield code="9">LOCAL</subfield></datafield></record>
</metadata></record>