<record><header><identifier>oai:alma.41SLSP_UGE:991000786819705502</identifier><datestamp>2023-03-01T01:09:35Z</datestamp><setSpec>uge_bcen_RapidILL_BOOK</setSpec><setSpec>uge_aaca_RapidILL_BOOK</setSpec><setSpec>uge_abels_RapidILL_BOOK</setSpec><setSpec>uge_dbu_RapidILL_BOOK</setSpec><setSpec>uge_cmu_RapidILL_BOOK</setSpec><setSpec>uge_mail_RapidILL_BOOK</setSpec><setSpec>UNIGE_ALL</setSpec><setSpec>uge_abbat_RapidILL_BOOK</setSpec><setSpec>uge_aobs_RapidILL_BOOK</setSpec><setSpec>uge_acar_RapidILL_BOOK</setSpec></header><metadata>
<record xmlns="http://www.loc.gov/MARC21/slim" xmlns:xsi="http://www.w3.org/2001/XMLSchema-instance" xsi:schemaLocation="http://www.loc.gov/MARC21/slim http://www.loc.gov/standards/marcxml/schema/MARC21slim.xsd"><leader>01005nam a2200253 c 4500</leader><controlfield tag="001">991000786819705502</controlfield><controlfield tag="005">20201227142123.0</controlfield><controlfield tag="007">h| ||||||||||</controlfield><controlfield tag="008">021129r20021821xxk|||||b|||| 00| ||eng d</controlfield><datafield ind1=" " ind2=" " tag="035"><subfield code="a">(swissbib)098438212-41slsp_network</subfield></datafield><datafield ind1=" " ind2=" " tag="035"><subfield code="a">098438212</subfield><subfield code="9">ExL</subfield></datafield><datafield ind1=" " ind2=" " tag="035"><subfield code="a">(RERO)R003279861-41slsp</subfield></datafield><datafield ind1=" " ind2=" " tag="035"><subfield code="a">(EXLNZ-41SLSP_NETWORK)991151619039705501</subfield></datafield><datafield ind1=" " ind2=" " tag="040"><subfield code="a">RERO geuchr</subfield><subfield code="d">CH-ZuSLS</subfield></datafield><datafield ind1=" " ind2="7" tag="072"><subfield code="a">ht</subfield><subfield code="2">rero</subfield></datafield><datafield ind1="1" ind2=" " tag="100"><subfield code="a">Thrush, Thomas</subfield><subfield code="0">(RERO)A009030560</subfield><subfield code="4">cre</subfield></datafield><datafield ind1="1" ind2="0" tag="245"><subfield code="a">&lt;&lt;A&gt;&gt; letter addressed to the inhabitants of the parish of Filiskirk, near Thirsk</subfield><subfield code="b">but more particularly to those of the town of Sutton-under-Whitestonecliff</subfield><subfield code="c">by Thomas Thrush</subfield></datafield><datafield ind1=" " ind2="1" tag="264"><subfield code="a">London</subfield><subfield code="b">British Library</subfield><subfield code="c">2002</subfield></datafield><datafield ind1=" " ind2=" " tag="300"><subfield code="a">1 microfilm</subfield><subfield code="b">positif</subfield><subfield code="c">35 mm</subfield></datafield><datafield ind1=" " ind2=" " tag="336"><subfield code="b">txt</subfield><subfield code="2">rdacontent</subfield></datafield><datafield ind1=" " ind2=" " tag="337"><subfield code="b">h</subfield><subfield code="2">rdamedia</subfield></datafield><datafield ind1=" " ind2=" " tag="500"><subfield code="a">Collation de l'original: 42 p. ; 19 cm</subfield></datafield><datafield ind1=" " ind2=" " tag="500"><subfield code="a">Cote de l'ex. de la British Library: 10347.2.32(10)</subfield></datafield><datafield ind1=" " ind2=" " tag="534"><subfield code="p">Reprod. sur microfilm de l'éd. de:</subfield><subfield code="c">Newcastle upon Tyne : printed by J. Marshall, 1821</subfield></datafield><datafield ind1=" " ind2=" " tag="900"><subfield code="a">REROnoselfmerge</subfield></datafield></record>
</metadata></record>