<record><header><identifier>oai:alma.41SLSP_UGE:991000775629705502</identifier><datestamp>2024-05-03T02:48:49Z</datestamp><setSpec>uge_bcen_RapidILL_BOOK</setSpec><setSpec>uge_aaca_RapidILL_BOOK</setSpec><setSpec>uge_abels_RapidILL_BOOK</setSpec><setSpec>uge_dbu_RapidILL_BOOK</setSpec><setSpec>uge_cmu_RapidILL_BOOK</setSpec><setSpec>uge_mail_RapidILL_BOOK</setSpec><setSpec>uge_abbat_RapidILL_BOOK</setSpec><setSpec>UNIGE_ALL</setSpec><setSpec>uge_acar_RapidILL_BOOK</setSpec><setSpec>uge_aobs_RapidILL_BOOK</setSpec></header><metadata>
<record xmlns="http://www.loc.gov/MARC21/slim" xmlns:xsi="http://www.w3.org/2001/XMLSchema-instance" xsi:schemaLocation="http://www.loc.gov/MARC21/slim http://www.loc.gov/standards/marcxml/schema/MARC21slim.xsd"><leader>01768nam a2200469 c 4500</leader><controlfield tag="001">991000775629705502</controlfield><controlfield tag="005">20230625134825.0</controlfield><controlfield tag="008">201012t19751975xxu||||| |||| 00| ||eng d</controlfield><datafield ind1="7" ind2=" " tag="024"><subfield code="a">http://catalogue.bnf.fr/ark:/12148/cb35263025q</subfield><subfield code="2">uri</subfield></datafield><datafield ind1=" " ind2=" " tag="035"><subfield code="a">(swissbib)240216113-41slsp_network</subfield></datafield><datafield ind1=" " ind2=" " tag="035"><subfield code="a">240216113</subfield><subfield code="9">ExL</subfield></datafield><datafield ind1=" " ind2=" " tag="035"><subfield code="a">(RERO)R003795974-41slsp</subfield></datafield><datafield ind1=" " ind2=" " tag="035"><subfield code="a">(NEBIS)002999399EBI01</subfield></datafield><datafield ind1=" " ind2=" " tag="035"><subfield code="a">(OCoLC)481198102</subfield></datafield><datafield ind1=" " ind2=" " tag="035"><subfield code="a">(EXLNZ-41SLSP_NETWORK)991016982309705501</subfield></datafield><datafield ind1=" " ind2=" " tag="040"><subfield code="a">RERO geulan</subfield><subfield code="d">CH-ZuSLS</subfield></datafield><datafield ind1=" " ind2="7" tag="072"><subfield code="a">et</subfield><subfield code="2">rero</subfield></datafield><datafield ind1=" " ind2="7" tag="072"><subfield code="a">ht</subfield><subfield code="2">rero</subfield></datafield><datafield ind1="0" ind2="4" tag="082"><subfield code="a">301.29</subfield></datafield><datafield ind1=" " ind2=" " tag="084"><subfield code="a">Am</subfield><subfield code="2">z</subfield></datafield><datafield ind1="1" ind2=" " tag="100"><subfield code="a">Gastil, Raymond D.</subfield><subfield code="d">1931-2010</subfield><subfield code="0">(IDREF)032781245</subfield><subfield code="4">cre</subfield></datafield><datafield ind1="1" ind2="0" tag="245"><subfield code="a">Cultural regions of the United States</subfield><subfield code="c">by Raymond D. Gastil ; foreword by Nathan Glazer</subfield></datafield><datafield ind1=" " ind2="1" tag="264"><subfield code="a">Seattle [etc.]</subfield><subfield code="b">University of Washington Press</subfield><subfield code="c">[1975]</subfield></datafield><datafield ind1=" " ind2="4" tag="264"><subfield code="c">© 1975</subfield></datafield><datafield ind1=" " ind2=" " tag="300"><subfield code="a">XVI, 366 p.</subfield><subfield code="b">ill.</subfield><subfield code="c">24 cm</subfield></datafield><datafield ind1=" " ind2=" " tag="336"><subfield code="b">txt</subfield><subfield code="2">rdacontent</subfield></datafield><datafield ind1=" " ind2=" " tag="337"><subfield code="b">n</subfield><subfield code="2">rdamedia</subfield></datafield><datafield ind1=" " ind2=" " tag="338"><subfield code="b">nc</subfield><subfield code="2">rdacarrier</subfield></datafield><datafield ind1=" " ind2="7" tag="650"><subfield code="a">Culture</subfield><subfield code="0">(IDREF)027231429</subfield><subfield code="2">idref</subfield></datafield><datafield ind1=" " ind2="7" tag="650"><subfield code="a">Société</subfield><subfield code="0">(IDREF)269230165</subfield><subfield code="2">idref</subfield></datafield><datafield ind1=" " ind2="7" tag="650"><subfield code="a">Ethnologie</subfield><subfield code="0">(IDREF)02729661X</subfield><subfield code="2">idref</subfield></datafield><datafield ind1=" " ind2="7" tag="650"><subfield code="a">Géographie humaine</subfield><subfield code="0">(IDREF)02753460X</subfield><subfield code="2">idref</subfield></datafield><datafield ind1=" " ind2="7" tag="650"><subfield code="a">Identité collective</subfield><subfield code="0">(IDREF)029251133</subfield><subfield code="2">idref</subfield></datafield><datafield ind1=" " ind2="7" tag="650"><subfield code="a">Régions administratives</subfield><subfield code="0">(IDREF)027341852</subfield><subfield code="2">idref</subfield></datafield><datafield ind1=" " ind2="0" tag="650"><subfield code="a">Human geography</subfield><subfield code="z">United States</subfield></datafield><datafield ind1=" " ind2="0" tag="650"><subfield code="a">Regionalism</subfield><subfield code="z">United States</subfield></datafield><datafield ind1=" " ind2="7" tag="651"><subfield code="a">États-Unis</subfield><subfield code="0">(IDREF)027225488</subfield><subfield code="2">idref</subfield></datafield><datafield ind1=" " ind2="0" tag="651"><subfield code="a">United States</subfield><subfield code="x">Geography</subfield></datafield><datafield ind1=" " ind2=" " tag="690"><subfield code="a">Kulturgeographie / Einzelne Gebiete und Orte / Amerika / Nordamerika / USA</subfield><subfield code="2">uzb-Z9</subfield></datafield><datafield ind1=" " ind2=" " tag="690"><subfield code="a">Region / Einzelne Gebiete und Orte</subfield><subfield code="2">uzb-Z9</subfield></datafield><datafield ind1="1" ind2=" " tag="700"><subfield code="a">Gastil, Raymond Duncan</subfield></datafield><datafield ind1="1" ind2=" " tag="700"><subfield code="a">Glazer, Nathan</subfield><subfield code="c">sociologue</subfield><subfield code="d">1923-2019</subfield><subfield code="0">(IDREF)026894262</subfield></datafield><datafield ind1=" " ind2=" " tag="900"><subfield code="a">IDSZRMedeaZBZ</subfield></datafield></record>
</metadata></record>