<record><header><identifier>oai:alma.41SLSP_UGE:991000774899705502</identifier><datestamp>2023-03-01T01:09:35Z</datestamp><setSpec>uge_bcen_RapidILL_BOOK</setSpec><setSpec>uge_aaca_RapidILL_BOOK</setSpec><setSpec>uge_abels_RapidILL_BOOK</setSpec><setSpec>uge_dbu_RapidILL_BOOK</setSpec><setSpec>uge_cmu_RapidILL_BOOK</setSpec><setSpec>uge_mail_RapidILL_BOOK</setSpec><setSpec>UNIGE_ALL</setSpec><setSpec>uge_abbat_RapidILL_BOOK</setSpec><setSpec>uge_aobs_RapidILL_BOOK</setSpec><setSpec>uge_acar_RapidILL_BOOK</setSpec></header><metadata>
<record xmlns="http://www.loc.gov/MARC21/slim" xmlns:xsi="http://www.w3.org/2001/XMLSchema-instance" xsi:schemaLocation="http://www.loc.gov/MARC21/slim http://www.loc.gov/standards/marcxml/schema/MARC21slim.xsd"><leader>01495nam a2200289 c 4500</leader><controlfield tag="001">991000774899705502</controlfield><controlfield tag="005">20201225191015.0</controlfield><controlfield tag="008">940421s1994    sz ||||| m||| 00| ||eng d</controlfield><datafield ind1=" " ind2=" " tag="019"><subfield code="a">Catalogage: décrit l'ex. de thèse.</subfield><subfield code="5">RERO/21.04.1994/geussm/stb</subfield></datafield><datafield ind1=" " ind2=" " tag="035"><subfield code="a">(swissbib)088663264-41slsp_network</subfield></datafield><datafield ind1=" " ind2=" " tag="035"><subfield code="a">088663264</subfield><subfield code="9">ExL</subfield></datafield><datafield ind1=" " ind2=" " tag="035"><subfield code="a">(RERO)1841781-41slsp</subfield></datafield><datafield ind1=" " ind2=" " tag="035"><subfield code="a">(EXLNZ-41SLSP_NETWORK)991128191459705501</subfield></datafield><datafield ind1=" " ind2=" " tag="040"><subfield code="a">RERO geussm</subfield><subfield code="d">CH-ZuSLS</subfield></datafield><datafield ind1=" " ind2=" " tag="044"><subfield code="a">sz</subfield><subfield code="c">ch-ge</subfield></datafield><datafield ind1=" " ind2="7" tag="072"><subfield code="a">ma</subfield><subfield code="2">rero</subfield></datafield><datafield ind1="1" ind2=" " tag="100"><subfield code="a">Brasey, Valérie</subfield><subfield code="0">(RERO)A003038480</subfield><subfield code="4">cre</subfield></datafield><datafield ind1="1" ind2="0" tag="245"><subfield code="a">Méthodes demi-explicites pour équations différentielles algébriques semi-explicites d'index 2</subfield><subfield code="c">par Valérie Brasey</subfield></datafield><datafield ind1=" " ind2="1" tag="264"><subfield code="a">Genève</subfield><subfield code="b">[éditeur non identifié]</subfield><subfield code="c">1994</subfield></datafield><datafield ind1=" " ind2=" " tag="300"><subfield code="a">144 p.</subfield><subfield code="b">ill.</subfield><subfield code="c">30 cm</subfield></datafield><datafield ind1=" " ind2=" " tag="336"><subfield code="b">txt</subfield><subfield code="2">rdacontent</subfield></datafield><datafield ind1=" " ind2=" " tag="337"><subfield code="b">n</subfield><subfield code="2">rdamedia</subfield></datafield><datafield ind1=" " ind2=" " tag="338"><subfield code="b">nc</subfield><subfield code="2">rdacarrier</subfield></datafield><datafield ind1=" " ind2=" " tag="502"><subfield code="a">Th. math. Genève, 1993 ; Sc. 2664</subfield></datafield><datafield ind1=" " ind2=" " tag="508"><subfield code="a">Directeurs de thèse: Professeurs Ernst Hairer et Gerhard Wanner</subfield></datafield><datafield ind1="8" ind2=" " tag="520"><subfield code="a">Analyse: Etude et description d'une classe de méthodes numériques de type Runge-Kutta, les méthodes demi-explicites, pour traiter les équations différentielles-algébriques d'index 2.</subfield><subfield code="5">RERO/10.06.1994/geudbu/sn</subfield></datafield><datafield ind1="8" ind2=" " tag="520"><subfield code="a">Construction des coefficients de telles méthodes jusqu'à l'ordre 5. Présentation d'un code Fortran, HEM5, basé sur une méthode demi-explicite d'ordre 5 et spécialement conçu pour la résolution numérique des systèmes mécaniques avec contraintes.</subfield><subfield code="5">RERO/10.06.1994/geudbu/sn</subfield></datafield><datafield ind1=" " ind2=" " tag="900"><subfield code="a">REROnoselfmerge</subfield></datafield></record>
</metadata></record>