<record><header><identifier>oai:alma.41SLSP_UGE:991000775109705502</identifier><datestamp>2024-09-13T00:24:27Z</datestamp><setSpec>uge_bcen_RapidILL_BOOK</setSpec><setSpec>uge_aaca_RapidILL_BOOK</setSpec><setSpec>uge_abels_RapidILL_BOOK</setSpec><setSpec>uge_dbu_RapidILL_BOOK</setSpec><setSpec>uge_cmu_RapidILL_BOOK</setSpec><setSpec>uge_mail_RapidILL_BOOK</setSpec><setSpec>uge_abbat_RapidILL_BOOK</setSpec><setSpec>UNIGE_ALL</setSpec><setSpec>uge_acar_RapidILL_BOOK</setSpec><setSpec>uge_aobs_RapidILL_BOOK</setSpec></header><metadata>
<record xmlns="http://www.loc.gov/MARC21/slim" xmlns:xsi="http://www.w3.org/2001/XMLSchema-instance" xsi:schemaLocation="http://www.loc.gov/MARC21/slim http://www.loc.gov/standards/marcxml/schema/MARC21slim.xsd"><leader>01575nam a2200409 c 4500</leader><controlfield tag="001">991000775109705502</controlfield><controlfield tag="005">20240912182145.0</controlfield><controlfield tag="008">201011t19941994xxu||||| |||| 00| ||eng d</controlfield><datafield ind1=" " ind2=" " tag="020"><subfield code="a">1565760077</subfield></datafield><datafield ind1=" " ind2=" " tag="035"><subfield code="a">(swissbib)227812581-41slsp_network</subfield></datafield><datafield ind1=" " ind2=" " tag="035"><subfield code="a">227812581</subfield><subfield code="9">ExL</subfield></datafield><datafield ind1=" " ind2=" " tag="035"><subfield code="a">(RERO)2037738-41slsp</subfield></datafield><datafield ind1=" " ind2=" " tag="035"><subfield code="a">(NEBIS)001497138EBI01</subfield></datafield><datafield ind1=" " ind2=" " tag="035"><subfield code="a">(IDSBB)001080434DSV01</subfield></datafield><datafield ind1=" " ind2=" " tag="035"><subfield code="a">(EXLNZ-41SLSP_NETWORK)991021304279705501</subfield></datafield><datafield ind1=" " ind2=" " tag="040"><subfield code="a">RERO geusst</subfield><subfield code="d">CH-ZuSLS</subfield></datafield><datafield ind1=" " ind2="7" tag="072"><subfield code="a">st</subfield><subfield code="2">rero</subfield></datafield><datafield ind1=" " ind2="7" tag="072"><subfield code="a">ge</subfield><subfield code="2">SzZuIDS BS/BE</subfield></datafield><datafield ind1="0" ind2="0" tag="245"><subfield code="a">Reservoir quality assessment and prediction in clastic rocks</subfield><subfield code="c">ed. by Michael D. Wilson</subfield></datafield><datafield ind1=" " ind2="1" tag="264"><subfield code="a">Tulsa</subfield><subfield code="b">SEPM</subfield><subfield code="c">[1994]</subfield></datafield><datafield ind1=" " ind2="4" tag="264"><subfield code="c">© 1994</subfield></datafield><datafield ind1=" " ind2=" " tag="300"><subfield code="a">VIII, 432 p.</subfield><subfield code="b">ill.</subfield><subfield code="c">28 cm</subfield></datafield><datafield ind1=" " ind2=" " tag="336"><subfield code="b">txt</subfield><subfield code="2">rdacontent</subfield></datafield><datafield ind1=" " ind2=" " tag="337"><subfield code="b">n</subfield><subfield code="2">rdamedia</subfield></datafield><datafield ind1=" " ind2=" " tag="338"><subfield code="b">nc</subfield><subfield code="2">rdacarrier</subfield></datafield><datafield ind1="1" ind2=" " tag="490"><subfield code="a">SEPM short course</subfield><subfield code="v">30</subfield></datafield><datafield ind1=" " ind2="7" tag="650"><subfield code="a">Diagenèse</subfield><subfield code="0">(IDREF)027423352</subfield><subfield code="2">idref</subfield></datafield><datafield ind1=" " ind2="7" tag="650"><subfield code="a">Porosité</subfield><subfield code="0">(IDREF)028538145</subfield><subfield code="2">idref</subfield></datafield><datafield ind1=" " ind2="7" tag="650"><subfield code="a">réservoir (géologie)</subfield><subfield code="0">(RERO)A010140014</subfield><subfield code="2">rerovoc</subfield></datafield><datafield ind1=" " ind2="7" tag="650"><subfield code="a">pétrographie sédimentaire</subfield><subfield code="0">(RERO)A010018363</subfield><subfield code="2">rerovoc</subfield></datafield><datafield ind1=" " ind2="7" tag="650"><subfield code="a">Molasse</subfield><subfield code="0">(IDREF)027579166</subfield><subfield code="2">idref</subfield></datafield><datafield ind1=" " ind2="7" tag="650"><subfield code="a">DIAGENESE (ABLAGERUNGSMILIEU)</subfield><subfield code="9">ger</subfield><subfield code="0">(ETHUDK)000047020</subfield><subfield code="2">ethudk</subfield></datafield><datafield ind1=" " ind2="7" tag="650"><subfield code="a">DIAGENESE/EXPERIMENTELLE STUDIEN (ABLAGERUNGSMILIEU)</subfield><subfield code="9">ger</subfield><subfield code="0">(ETHUDK)000047022</subfield><subfield code="2">ethudk</subfield></datafield><datafield ind1=" " ind2="7" tag="650"><subfield code="a">FALLSTUDIEN (DOKUMENTENTYP)</subfield><subfield code="9">ger</subfield><subfield code="0">(ETHUDK)000041890</subfield><subfield code="2">ethudk</subfield></datafield><datafield ind1=" " ind2="7" tag="650"><subfield code="a">RESERVOIR-SEDIMENTOLOGIE (ABLAGERUNGSMILIEU)</subfield><subfield code="9">ger</subfield><subfield code="0">(ETHUDK)000046164</subfield><subfield code="2">ethudk</subfield></datafield><datafield ind1="1" ind2=" " tag="700"><subfield code="a">Wilson, Michael D</subfield><subfield code="0">(RERO)A003978784</subfield></datafield><datafield ind1=" " ind2=" " tag="830"><subfield code="a">SEPM short course</subfield><subfield code="v">30</subfield><subfield code="w">(IDSBB)000004773DSV01</subfield></datafield><datafield ind1=" " ind2=" " tag="900"><subfield code="a">REROnoselfmerge</subfield></datafield></record>
</metadata></record>