<record><header><identifier>oai:alma.41SLSP_UGE:991000775729705502</identifier><datestamp>2023-03-01T01:09:35Z</datestamp><setSpec>uge_bcen_RapidILL_BOOK</setSpec><setSpec>uge_aaca_RapidILL_BOOK</setSpec><setSpec>uge_abels_RapidILL_BOOK</setSpec><setSpec>uge_dbu_RapidILL_BOOK</setSpec><setSpec>uge_cmu_RapidILL_BOOK</setSpec><setSpec>uge_mail_RapidILL_BOOK</setSpec><setSpec>UNIGE_ALL</setSpec><setSpec>uge_abbat_RapidILL_BOOK</setSpec><setSpec>uge_acar_RapidILL_BOOK</setSpec><setSpec>uge_aobs_RapidILL_BOOK</setSpec></header><metadata>
<record xmlns="http://www.loc.gov/MARC21/slim" xmlns:xsi="http://www.w3.org/2001/XMLSchema-instance" xsi:schemaLocation="http://www.loc.gov/MARC21/slim http://www.loc.gov/standards/marcxml/schema/MARC21slim.xsd"><leader>01539nam a2200385 ca4500</leader><controlfield tag="001">991000775729705502</controlfield><controlfield tag="005">20230116191350.0</controlfield><controlfield tag="008">201011s1978    gw ||||| |||| 10| ||eng d</controlfield><datafield ind1=" " ind2=" " tag="035"><subfield code="a">(swissbib)224283286-41slsp_network</subfield></datafield><datafield ind1=" " ind2=" " tag="035"><subfield code="a">224283286</subfield><subfield code="9">ExL</subfield></datafield><datafield ind1=" " ind2=" " tag="035"><subfield code="a">(RERO)2156586-41slsp</subfield></datafield><datafield ind1=" " ind2=" " tag="035"><subfield code="a">(IDSBB)000130184DSV01</subfield></datafield><datafield ind1=" " ind2=" " tag="035"><subfield code="a">(EXLNZ-41SLSP_NETWORK)991141967889705501</subfield></datafield><datafield ind1=" " ind2=" " tag="040"><subfield code="a">RERO geucui</subfield><subfield code="d">CH-ZuSLS</subfield></datafield><datafield ind1=" " ind2=" " tag="044"><subfield code="a">gw</subfield><subfield code="a">xxu</subfield></datafield><datafield ind1=" " ind2="7" tag="072"><subfield code="a">in</subfield><subfield code="2">rero</subfield></datafield><datafield ind1=" " ind2="7" tag="072"><subfield code="a">mt</subfield><subfield code="2">SzZuIDS BS/BE</subfield></datafield><datafield ind1="1" ind2="4" tag="082"><subfield code="a">510</subfield><subfield code="2">15</subfield></datafield><datafield ind1="0" ind2="0" tag="245"><subfield code="a">Optimization techniques</subfield><subfield code="b">proceedings of the 8th IFIP conference on optimization techniques, Würzburg, September 5-9, 1977</subfield><subfield code="c">ed. by J. Stoer</subfield></datafield><datafield ind1=" " ind2="1" tag="264"><subfield code="a">Berlin [etc.]</subfield><subfield code="b">Springer</subfield><subfield code="c">1978</subfield></datafield><datafield ind1=" " ind2=" " tag="300"><subfield code="a">2 vol</subfield><subfield code="b">ill.</subfield><subfield code="c">25 cm</subfield></datafield><datafield ind1=" " ind2=" " tag="336"><subfield code="b">txt</subfield><subfield code="2">rdacontent</subfield></datafield><datafield ind1=" " ind2=" " tag="337"><subfield code="b">n</subfield><subfield code="2">rdamedia</subfield></datafield><datafield ind1=" " ind2=" " tag="338"><subfield code="b">nc</subfield><subfield code="2">rdacarrier</subfield></datafield><datafield ind1="1" ind2=" " tag="490"><subfield code="a">Lecture notes in control and information sciences</subfield><subfield code="v">6-7</subfield></datafield><datafield ind1=" " ind2="7" tag="650"><subfield code="a">optimisation</subfield><subfield code="0">(RERO)A010015203</subfield><subfield code="2">rerovoc</subfield></datafield><datafield ind1=" " ind2="4" tag="650"><subfield code="a">Mathematisches Modell</subfield></datafield><datafield ind1=" " ind2="4" tag="650"><subfield code="a">Methode</subfield></datafield><datafield ind1=" " ind2="4" tag="650"><subfield code="a">Optimierung</subfield></datafield><datafield ind1=" " ind2="7" tag="655"><subfield code="a">Actes de congrès</subfield><subfield code="0">(IDREF)02886431X</subfield><subfield code="2">idref</subfield></datafield><datafield ind1=" " ind2="7" tag="655"><subfield code="a">Konferenzschrift</subfield><subfield code="z">Würzburg</subfield><subfield code="y">1977</subfield><subfield code="2">gnd-content</subfield></datafield><datafield ind1="1" ind2=" " tag="700"><subfield code="a">Stoer, Josef</subfield><subfield code="d">1934-....</subfield><subfield code="0">(IDREF)031838472</subfield></datafield><datafield ind1="2" ind2=" " tag="710"><subfield code="a">Fédération internationale pour le traitement de l'information</subfield><subfield code="b">Conference on Optimization Techniques</subfield><subfield code="n">8</subfield><subfield code="d">1977</subfield><subfield code="c">Würzburg</subfield><subfield code="0">(RERO)A012535183</subfield></datafield><datafield ind1="2" ind2=" " tag="711"><subfield code="a">Conference on Optimization Techniques</subfield><subfield code="0">(DE-588)60664-9</subfield></datafield><datafield ind1=" " ind2=" " tag="830"><subfield code="a">Lecture notes in control and information sciences</subfield><subfield code="v">6-7</subfield><subfield code="w">(RERO)0593926-41slsp</subfield></datafield><datafield ind1=" " ind2=" " tag="900"><subfield code="a">REROnoselfmerge</subfield></datafield></record>
</metadata></record>