<record><header><identifier>oai:alma.41SLSP_UGE:991000775419705502</identifier><datestamp>2023-03-01T01:09:35Z</datestamp><setSpec>uge_bcen_RapidILL_BOOK</setSpec><setSpec>uge_aaca_RapidILL_BOOK</setSpec><setSpec>uge_abels_RapidILL_BOOK</setSpec><setSpec>uge_dbu_RapidILL_BOOK</setSpec><setSpec>uge_cmu_RapidILL_BOOK</setSpec><setSpec>uge_mail_RapidILL_BOOK</setSpec><setSpec>UNIGE_ALL</setSpec><setSpec>uge_abbat_RapidILL_BOOK</setSpec><setSpec>uge_aobs_RapidILL_BOOK</setSpec><setSpec>uge_acar_RapidILL_BOOK</setSpec></header><metadata>
<record xmlns="http://www.loc.gov/MARC21/slim" xmlns:xsi="http://www.w3.org/2001/XMLSchema-instance" xsi:schemaLocation="http://www.loc.gov/MARC21/slim http://www.loc.gov/standards/marcxml/schema/MARC21slim.xsd"><leader>01272nam a2200313 c 4500</leader><controlfield tag="001">991000775419705502</controlfield><controlfield tag="005">20201230220409.0</controlfield><controlfield tag="008">201011s1984    xxu||||| |||| 00| ||eng d</controlfield><datafield ind1=" " ind2=" " tag="020"><subfield code="a">0938228072</subfield></datafield><datafield ind1=" " ind2=" " tag="035"><subfield code="a">(swissbib)226928969-41slsp_network</subfield></datafield><datafield ind1=" " ind2=" " tag="035"><subfield code="a">226928969</subfield><subfield code="9">ExL</subfield></datafield><datafield ind1=" " ind2=" " tag="035"><subfield code="a">(RERO)0775439-41slsp</subfield></datafield><datafield ind1=" " ind2=" " tag="035"><subfield code="a">(NEBIS)000329894EBI01</subfield></datafield><datafield ind1=" " ind2=" " tag="035"><subfield code="a">(EXLNZ-41SLSP_NETWORK)991041159409705501</subfield></datafield><datafield ind1=" " ind2=" " tag="040"><subfield code="a">RERO geussp</subfield><subfield code="d">CH-ZuSLS</subfield></datafield><datafield ind1=" " ind2="7" tag="072"><subfield code="a">hs</subfield><subfield code="2">rero</subfield></datafield><datafield ind1="0" ind2="0" tag="245"><subfield code="a">&lt;&lt;The&gt;&gt; question of the Atom</subfield><subfield code="b">from the Karlsruhe Congress to the First Solvay Conference, 1860-1911 : a compilation of primary sources selected and introduced</subfield><subfield code="c">by Mary Jo Nye</subfield></datafield><datafield ind1=" " ind2="1" tag="264"><subfield code="a">Los Angeles</subfield><subfield code="a">San Francisco</subfield><subfield code="c">[1984]</subfield></datafield><datafield ind1=" " ind2="4" tag="264"><subfield code="c">© 1984</subfield></datafield><datafield ind1=" " ind2=" " tag="300"><subfield code="a">XXXI, 654 p</subfield><subfield code="b">ill.</subfield><subfield code="c">24 cm</subfield></datafield><datafield ind1=" " ind2=" " tag="336"><subfield code="b">txt</subfield><subfield code="2">rdacontent</subfield></datafield><datafield ind1=" " ind2=" " tag="337"><subfield code="b">n</subfield><subfield code="2">rdamedia</subfield></datafield><datafield ind1=" " ind2=" " tag="338"><subfield code="b">nc</subfield><subfield code="2">rdacarrier</subfield></datafield><datafield ind1="1" ind2=" " tag="490"><subfield code="a">The History of modern physics, 1800-1950</subfield><subfield code="v">4</subfield></datafield><datafield ind1=" " ind2="7" tag="650"><subfield code="a">GESCHICHTE DER PHYSIK</subfield><subfield code="9">ger</subfield><subfield code="0">(ETHUDK)000041311</subfield><subfield code="2">ethudk</subfield></datafield><datafield ind1=" " ind2="7" tag="650"><subfield code="a">KERNPHYSIK, ATOMPHYSIK, MOLEKÜLPHYSIK</subfield><subfield code="9">ger</subfield><subfield code="0">(ETHUDK)000015289</subfield><subfield code="2">ethudk</subfield></datafield><datafield ind1="1" ind2=" " tag="700"><subfield code="a">Nye, Mary Jo</subfield><subfield code="d">1944-....</subfield><subfield code="0">(IDREF)029326095</subfield></datafield><datafield ind1=" " ind2=" " tag="830"><subfield code="a">&lt;&lt;The&gt;&gt; history of modern physics, 1800-1950</subfield><subfield code="v">4</subfield><subfield code="w">(NEBIS)000544007EBI01</subfield></datafield><datafield ind1=" " ind2=" " tag="830"><subfield code="a">&lt;&lt;The&gt;&gt; History of modern physics, 1800-1950</subfield><subfield code="v">4</subfield><subfield code="w">(RERO)0775416-41slsp</subfield></datafield><datafield ind1=" " ind2=" " tag="900"><subfield code="a">REROnoselfmerge</subfield></datafield></record>
</metadata></record>