<record><header><identifier>oai:alma.41SLSP_UGE:991000775739705502</identifier><datestamp>2023-03-01T01:09:35Z</datestamp><setSpec>uge_bcen_RapidILL_BOOK</setSpec><setSpec>uge_aaca_RapidILL_BOOK</setSpec><setSpec>uge_abels_RapidILL_BOOK</setSpec><setSpec>uge_dbu_RapidILL_BOOK</setSpec><setSpec>uge_cmu_RapidILL_BOOK</setSpec><setSpec>uge_mail_RapidILL_BOOK</setSpec><setSpec>UNIGE_ALL</setSpec><setSpec>uge_abbat_RapidILL_BOOK</setSpec><setSpec>uge_aobs_RapidILL_BOOK</setSpec><setSpec>uge_acar_RapidILL_BOOK</setSpec></header><metadata>
<record xmlns="http://www.loc.gov/MARC21/slim" xmlns:xsi="http://www.w3.org/2001/XMLSchema-instance" xsi:schemaLocation="http://www.loc.gov/MARC21/slim http://www.loc.gov/standards/marcxml/schema/MARC21slim.xsd"><leader>02781nam a2200553 c 4500</leader><controlfield tag="001">991000775739705502</controlfield><controlfield tag="005">20211030185814.0</controlfield><controlfield tag="008">201011s1999    fr ||||| |||| 00| ||fre d</controlfield><datafield ind1=" " ind2=" " tag="020"><subfield code="a">2204062006</subfield></datafield><datafield ind1="7" ind2=" " tag="024"><subfield code="a">http://catalogue.bnf.fr/ark:/12148/cb37048906n</subfield><subfield code="2">uri</subfield></datafield><datafield ind1=" " ind2=" " tag="035"><subfield code="a">(swissbib)232202087-41slsp_network</subfield></datafield><datafield ind1=" " ind2=" " tag="035"><subfield code="a">232202087</subfield><subfield code="9">ExL</subfield></datafield><datafield ind1=" " ind2=" " tag="035"><subfield code="a">(RERO)R262982660-41slsp</subfield></datafield><datafield ind1=" " ind2=" " tag="035"><subfield code="a">(IDSBB)004681463DSV01</subfield></datafield><datafield ind1=" " ind2=" " tag="035"><subfield code="a">(SBT)000389182SBT01</subfield></datafield><datafield ind1=" " ind2=" " tag="035"><subfield code="a">(EXLNZ-41SLSP_NETWORK)991086018129705501</subfield></datafield><datafield ind1=" " ind2=" " tag="040"><subfield code="a">RERO geuth-</subfield><subfield code="d">CH-ZuSLS</subfield></datafield><datafield ind1="1" ind2=" " tag="041"><subfield code="a">fre</subfield><subfield code="a">lat</subfield><subfield code="h">lat</subfield></datafield><datafield ind1=" " ind2="7" tag="072"><subfield code="a">th</subfield><subfield code="2">rero</subfield></datafield><datafield ind1="0" ind2=" " tag="100"><subfield code="a">Thomas</subfield><subfield code="c">von Aquin, Heiliger</subfield><subfield code="d">1225-1274</subfield><subfield code="0">(DE-588)118622110</subfield><subfield code="6">880-01</subfield></datafield><datafield ind1="0" ind2=" " tag="880"><subfield code="6">100-01</subfield><subfield code="a">Thomas d'Aquin</subfield><subfield code="c">saint</subfield><subfield code="d">1225?-1274</subfield><subfield code="0">(IDREF)027161129</subfield><subfield code="4">cre</subfield></datafield><datafield ind1="0" ind2=" " tag="880"><subfield code="6">100-01</subfield><subfield code="a">Thomas</subfield><subfield code="c">Aquinas</subfield><subfield code="c">santo</subfield><subfield code="0">(SBT11)000007609</subfield></datafield><datafield ind1="1" ind2="0" tag="245"><subfield code="a">&lt;&lt;Les&gt;&gt; raisons de la foi</subfield><subfield code="b">Les articles de la foi et les sacrements de l'Eglise : traités</subfield><subfield code="c">saint Thomas d'Aquin ; introd., trad. du latin et annotation par Gilles Emery</subfield></datafield><datafield ind1=" " ind2="1" tag="264"><subfield code="a">Paris</subfield><subfield code="b">Les Ed. du Cerf</subfield><subfield code="c">1999</subfield></datafield><datafield ind1=" " ind2=" " tag="300"><subfield code="a">306 p.</subfield><subfield code="c">20 cm</subfield></datafield><datafield ind1=" " ind2=" " tag="336"><subfield code="b">txt</subfield><subfield code="2">rdacontent</subfield></datafield><datafield ind1=" " ind2=" " tag="337"><subfield code="b">n</subfield><subfield code="2">rdamedia</subfield></datafield><datafield ind1=" " ind2=" " tag="338"><subfield code="b">nc</subfield><subfield code="2">rdacarrier</subfield></datafield><datafield ind1="1" ind2=" " tag="490"><subfield code="a">Sagesses chrétiennes</subfield></datafield><datafield ind1=" " ind2=" " tag="500"><subfield code="a">La page de garde porte: Traités sur la foi</subfield></datafield><datafield ind1=" " ind2=" " tag="500"><subfield code="a">Originaltitel: De rationibus fidei ad cantorem Antiochenum</subfield></datafield><datafield ind1=" " ind2=" " tag="500"><subfield code="a">Titolo originale: De rationibus fidei ad cantorem Antiochenum</subfield></datafield><datafield ind1=" " ind2=" " tag="500"><subfield code="a">Titolo originale: De articulis fidei et ecclesiae sacramentis ad archiepiscopum Panormitanum</subfield></datafield><datafield ind1=" " ind2=" " tag="500"><subfield code="a">Testo latino a fronte</subfield></datafield><datafield ind1="0" ind2="0" tag="505"><subfield code="t">&lt;&lt;Les&gt;&gt; raisons de la foi</subfield><subfield code="t">&lt;&lt;Les&gt;&gt; articles de la foi et les sacrements de l'église</subfield></datafield><datafield ind1="0" ind2="7" tag="600"><subfield code="a">Thomas d'Aquin</subfield><subfield code="c">saint</subfield><subfield code="d">1225-1274</subfield><subfield code="t">De rationibus fidei</subfield><subfield code="0">(IDREF)235947334</subfield><subfield code="2">idref</subfield></datafield><datafield ind1="0" ind2="7" tag="600"><subfield code="a">Thomas</subfield><subfield code="c">(d'Aquin</subfield><subfield code="c">saint).</subfield><subfield code="t">Les articles de la foi et les sacrements de l'Eglise</subfield><subfield code="0">(RERO)A010199075</subfield><subfield code="2">rero</subfield></datafield><datafield ind1=" " ind2=" " tag="691"><subfield code="e">230</subfield><subfield code="a">Cristianesimo, Teologia cristiana</subfield><subfield code="2">usi-TE</subfield></datafield><datafield ind1="0" ind2="2" tag="700"><subfield code="a">Thomas</subfield><subfield code="c">von Aquin, Heiliger</subfield><subfield code="d">1225-1274</subfield><subfield code="t">De articulis fidei et ecclesiae sacramentis</subfield></datafield><datafield ind1="0" ind2="2" tag="700"><subfield code="a">Thomas</subfield><subfield code="c">von Aquin, Heiliger</subfield><subfield code="d">1225-1274</subfield><subfield code="t">De rationibus fidei ad cantorem Antiochenum</subfield></datafield><datafield ind1="0" ind2="2" tag="700"><subfield code="a">Thomas</subfield><subfield code="c">von Aquin, Heiliger</subfield><subfield code="d">1225-1274</subfield><subfield code="t">&lt;&lt;Les&gt;&gt; raisons de la foi</subfield></datafield><datafield ind1="0" ind2="2" tag="700"><subfield code="a">Thomas</subfield><subfield code="c">von Aquin, Heiliger</subfield><subfield code="d">1225-1274</subfield><subfield code="t">&lt;&lt;Les&gt;&gt; articles de la foi et les sacrements de l'église</subfield></datafield><datafield ind1="0" ind2="2" tag="700"><subfield code="a">Thomas</subfield><subfield code="c">Aquinas, saint</subfield><subfield code="t">&lt;&lt;Les&gt;&gt; articles de la foi et les sacrements de l'Eglise</subfield></datafield><datafield ind1="0" ind2="2" tag="700"><subfield code="a">Thomas</subfield><subfield code="c">von Aquin, Heiliger</subfield><subfield code="d">1225-1274</subfield><subfield code="t">Traités sur la foi</subfield></datafield><datafield ind1="1" ind2=" " tag="700"><subfield code="a">Emery, Gilles</subfield><subfield code="d">1962-</subfield><subfield code="0">(DE-588)1020796634</subfield><subfield code="6">880-04</subfield></datafield><datafield ind1="1" ind2=" " tag="880"><subfield code="6">700-04</subfield><subfield code="a">Emery, Gilles</subfield><subfield code="d">1962-....</subfield><subfield code="0">(IDREF)052473104</subfield></datafield><datafield ind1="0" ind2="2" tag="740"><subfield code="a">&lt;&lt;Les&gt;&gt; raisons de la foi</subfield></datafield><datafield ind1="0" ind2="2" tag="740"><subfield code="a">&lt;&lt;Les&gt;&gt; articles de la foi et les sacrements de l'Église</subfield></datafield><datafield ind1=" " ind2=" " tag="830"><subfield code="a">Sagesses chrétiennes</subfield><subfield code="w">(RERO)1149820-41slsp</subfield></datafield><datafield ind1=" " ind2=" " tag="900"><subfield code="a">REROnoselfmerge</subfield></datafield></record>
</metadata></record>