<record><header><identifier>oai:alma.41SLSP_UGE:991000786339705502</identifier><datestamp>2023-03-01T01:09:35Z</datestamp><setSpec>uge_bcen_RapidILL_BOOK</setSpec><setSpec>uge_aaca_RapidILL_BOOK</setSpec><setSpec>uge_abels_RapidILL_BOOK</setSpec><setSpec>uge_dbu_RapidILL_BOOK</setSpec><setSpec>uge_cmu_RapidILL_BOOK</setSpec><setSpec>uge_mail_RapidILL_BOOK</setSpec><setSpec>UNIGE_ALL</setSpec><setSpec>uge_abbat_RapidILL_BOOK</setSpec><setSpec>uge_acar_RapidILL_BOOK</setSpec><setSpec>uge_aobs_RapidILL_BOOK</setSpec></header><metadata>
<record xmlns="http://www.loc.gov/MARC21/slim" xmlns:xsi="http://www.w3.org/2001/XMLSchema-instance" xsi:schemaLocation="http://www.loc.gov/MARC21/slim http://www.loc.gov/standards/marcxml/schema/MARC21slim.xsd"><leader>02703nam a2200709 ca4500</leader><controlfield tag="001">991000786339705502</controlfield><controlfield tag="005">20230130185713.0</controlfield><controlfield tag="008">201011s2003    it       |||| 001 0 ita|d</controlfield><datafield ind1=" " ind2=" " tag="020"><subfield code="a">8822252624</subfield><subfield code="c">98.00 EUR</subfield></datafield><datafield ind1=" " ind2=" " tag="035"><subfield code="a">(swissbib)232123055-41slsp_network</subfield></datafield><datafield ind1=" " ind2=" " tag="035"><subfield code="a">232123055</subfield><subfield code="9">ExL</subfield></datafield><datafield ind1=" " ind2=" " tag="035"><subfield code="a">(IDSBB)006790521DSV01</subfield></datafield><datafield ind1=" " ind2=" " tag="035"><subfield code="a">(RERO)R003626682-41slsp</subfield></datafield><datafield ind1=" " ind2=" " tag="035"><subfield code="a">(NEBIS)004738230EBI01</subfield></datafield><datafield ind1=" " ind2=" " tag="035"><subfield code="a">(ItFiC)it-00663778</subfield></datafield><datafield ind1=" " ind2=" " tag="035"><subfield code="a">(EXLNZ-41SLSP_NETWORK)991101013819705501</subfield></datafield><datafield ind1=" " ind2=" " tag="040"><subfield code="a">ItFiC</subfield><subfield code="b">ger</subfield><subfield code="e">rda</subfield><subfield code="d">CH-ZuSLS</subfield></datafield><datafield ind1=" " ind2=" " tag="050"><subfield code="a">DG</subfield></datafield><datafield ind1=" " ind2="7" tag="072"><subfield code="a">ht</subfield><subfield code="2">rero</subfield></datafield><datafield ind1="0" ind2="4" tag="082"><subfield code="a">271.10458</subfield></datafield><datafield ind1="0" ind2="4" tag="082"><subfield code="a">945</subfield></datafield><datafield ind1="1" ind2="4" tag="082"><subfield code="a">945</subfield><subfield code="2">21</subfield></datafield><datafield ind1="1" ind2="4" tag="082"><subfield code="a">850</subfield><subfield code="2">15</subfield></datafield><datafield ind1=" " ind2=" " tag="084"><subfield code="a">IS 1031</subfield><subfield code="2">rvk</subfield></datafield><datafield ind1="1" ind2=" " tag="100"><subfield code="a">Zaggia, Massimo</subfield><subfield code="d">1958-</subfield><subfield code="0">(DE-588)1139467883</subfield><subfield code="e">Verfasser</subfield><subfield code="4">aut</subfield><subfield code="6">880-01</subfield></datafield><datafield ind1="1" ind2=" " tag="880"><subfield code="6">100-01</subfield><subfield code="a">Zaggia, Massimo</subfield><subfield code="d">19..-....</subfield><subfield code="0">(IDREF)029255058</subfield><subfield code="4">cre</subfield></datafield><datafield ind1="1" ind2="0" tag="245"><subfield code="a">Tra Mantova e la Sicilia nel Cinquecento</subfield><subfield code="c">Massimo Zaggia</subfield></datafield><datafield ind1=" " ind2="1" tag="264"><subfield code="a">Firenze</subfield><subfield code="b">Leo S. Olschki Editore</subfield><subfield code="c">2003</subfield></datafield><datafield ind1=" " ind2=" " tag="300"><subfield code="a">3 vol. (IX, 1205 p.)</subfield><subfield code="c">24 cm</subfield></datafield><datafield ind1=" " ind2=" " tag="336"><subfield code="b">txt</subfield><subfield code="2">rdacontent</subfield></datafield><datafield ind1=" " ind2=" " tag="337"><subfield code="b">n</subfield><subfield code="2">rdamedia</subfield></datafield><datafield ind1=" " ind2=" " tag="338"><subfield code="b">nc</subfield><subfield code="2">rdacarrier</subfield></datafield><datafield ind1="1" ind2=" " tag="490"><subfield code="a">Biblioteca mantovana</subfield><subfield code="v">2</subfield></datafield><datafield ind1=" " ind2=" " tag="504"><subfield code="a">Bibliogr.</subfield></datafield><datafield ind1="0" ind2="0" tag="505"><subfield code="g">1</subfield><subfield code="t">&lt;&lt;La&gt;&gt; Sicilia sotto Ferrante Gonzaga, 1535-1546</subfield></datafield><datafield ind1="0" ind2="0" tag="505"><subfield code="g">2</subfield><subfield code="t">&lt;&lt;La&gt;&gt; congregazione benedettina cassinese nel Cinquecento</subfield></datafield><datafield ind1="0" ind2="0" tag="505"><subfield code="g">3</subfield><subfield code="t">Tra Polirone e la Sicilia. Benedetto Fontanini, Giorgio Siculo, Teofilo Folengo, Indici</subfield></datafield><datafield ind1="2" ind2="0" tag="610"><subfield code="a">Benedictines</subfield><subfield code="b">Congregazione cassinese</subfield><subfield code="x">History</subfield><subfield code="y">16th century</subfield></datafield><datafield ind1=" " ind2="7" tag="648"><subfield code="a">Geschichte 1500-1600</subfield><subfield code="2">gnd</subfield></datafield><datafield ind1=" " ind2="7" tag="648"><subfield code="a">Geschichte</subfield><subfield code="2">idszbz</subfield></datafield><datafield ind1=" " ind2="7" tag="648"><subfield code="a">Geschichte 1500-1600</subfield><subfield code="2">idszbz</subfield></datafield><datafield ind1=" " ind2="7" tag="650"><subfield code="a">Benedettini</subfield><subfield code="x">Sicilia</subfield><subfield code="x">Sec. 16</subfield><subfield code="2">scbi</subfield></datafield><datafield ind1=" " ind2="7" tag="650"><subfield code="a">Gonzaga, Ferrante viceré di Sicilia</subfield><subfield code="2">scbi</subfield></datafield><datafield ind1=" " ind2="7" tag="650"><subfield code="a">Sicilia</subfield><subfield code="x">1535-1546</subfield><subfield code="2">scbi</subfield></datafield><datafield ind1=" " ind2="7" tag="650"><subfield code="a">16e siècle</subfield><subfield code="0">(IDREF)027794520</subfield><subfield code="2">idref</subfield></datafield><datafield ind1=" " ind2="0" tag="650"><subfield code="a">Monasteries</subfield><subfield code="z">Italy</subfield><subfield code="z">Sicily</subfield><subfield code="x">History</subfield><subfield code="y">16th century</subfield></datafield><datafield ind1=" " ind2="7" tag="651"><subfield code="a">Provinz Mantua</subfield><subfield code="0">(DE-588)4114979-8</subfield><subfield code="2">gnd</subfield></datafield><datafield ind1=" " ind2="7" tag="651"><subfield code="a">Sicile (Italie)</subfield><subfield code="0">(IDREF)027251551</subfield><subfield code="2">idref</subfield></datafield><datafield ind1=" " ind2="7" tag="651"><subfield code="a">Mantoue (Italie)</subfield><subfield code="0">(IDREF)027706796</subfield><subfield code="2">idref</subfield></datafield><datafield ind1=" " ind2="7" tag="651"><subfield code="a">Sizilien</subfield><subfield code="0">(DE-588)4055193-3</subfield><subfield code="2">gnd</subfield></datafield><datafield ind1=" " ind2="7" tag="651"><subfield code="a">Italien</subfield><subfield code="2">idszbz</subfield></datafield><datafield ind1=" " ind2="7" tag="651"><subfield code="a">Mantua</subfield><subfield code="2">idszbz</subfield></datafield><datafield ind1=" " ind2="7" tag="651"><subfield code="a">Sizilien</subfield><subfield code="2">idszbz</subfield></datafield><datafield ind1=" " ind2="0" tag="651"><subfield code="a">Mantua (Italy : Province)</subfield><subfield code="x">History</subfield><subfield code="y">16th century</subfield></datafield><datafield ind1=" " ind2="0" tag="651"><subfield code="a">Sicily (Italy)</subfield><subfield code="x">Church history</subfield><subfield code="y">16th century</subfield></datafield><datafield ind1=" " ind2="0" tag="651"><subfield code="a">Sicily (Italy)</subfield><subfield code="x">History</subfield><subfield code="y">15th-18th centuries</subfield></datafield><datafield ind1=" " ind2="0" tag="651"><subfield code="a">Sicily (Italy)</subfield><subfield code="x">History</subfield><subfield code="y">16th century</subfield></datafield><datafield ind1=" " ind2="7" tag="651"><subfield code="a">Mantua</subfield><subfield code="0">(DE-588)4114978-6</subfield><subfield code="2">gnd</subfield></datafield><datafield ind1=" " ind2=" " tag="830"><subfield code="a">Biblioteca mantovana</subfield><subfield code="v">2</subfield><subfield code="w">(NEBIS)004769386EBI01</subfield></datafield><datafield ind1=" " ind2=" " tag="830"><subfield code="a">Biblioteca mantovana</subfield><subfield code="v">2</subfield><subfield code="w">(IDSBB)003680191DSV01</subfield></datafield><datafield ind1=" " ind2=" " tag="900"><subfield code="a">IDSDSStoppsignal FRED</subfield></datafield><datafield ind1=" " ind2=" " tag="900"><subfield code="a">REROnoselfmerge</subfield></datafield><datafield ind1=" " ind2=" " tag="900"><subfield code="a">IDSZ2zbzmon200408f</subfield><subfield code="c">IDSZ2emme</subfield><subfield code="d">IDSZ2zbzswk200408b</subfield><subfield code="e">IDSZ2brue</subfield></datafield></record>
</metadata></record>