<record><header><identifier>oai:alma.41SLSP_UGE:991000775459705502</identifier><datestamp>2024-06-16T00:13:08Z</datestamp><setSpec>uge_bcen_RapidILL_BOOK</setSpec><setSpec>uge_aaca_RapidILL_BOOK</setSpec><setSpec>uge_abels_RapidILL_BOOK</setSpec><setSpec>uge_dbu_RapidILL_BOOK</setSpec><setSpec>uge_cmu_RapidILL_BOOK</setSpec><setSpec>uge_mail_RapidILL_BOOK</setSpec><setSpec>UNIGE_ALL</setSpec><setSpec>uge_abbat_RapidILL_BOOK</setSpec><setSpec>uge_aobs_RapidILL_BOOK</setSpec><setSpec>uge_acar_RapidILL_BOOK</setSpec></header><metadata>
<record xmlns="http://www.loc.gov/MARC21/slim" xmlns:xsi="http://www.w3.org/2001/XMLSchema-instance" xsi:schemaLocation="http://www.loc.gov/MARC21/slim http://www.loc.gov/standards/marcxml/schema/MARC21slim.xsd"><leader>01529nam a2200337 c 4500</leader><controlfield tag="001">991000775459705502</controlfield><controlfield tag="005">20230410183103.0</controlfield><controlfield tag="008">161117s1958    sz ||||| |||| 00| ||fre d</controlfield><datafield ind1=" " ind2=" " tag="019"><subfield code="a">Pas un double de R008548569 !!! La pagination diffère, ainsi que la forme du brochage. En revanche le contenu scientifique est strictement le même</subfield><subfield code="5">RERO/gevbge/11.2016</subfield></datafield><datafield ind1=" " ind2=" " tag="035"><subfield code="a">(swissbib)123404770-41slsp_network</subfield></datafield><datafield ind1=" " ind2=" " tag="035"><subfield code="a">123404770</subfield><subfield code="9">ExL</subfield></datafield><datafield ind1=" " ind2=" " tag="035"><subfield code="a">(RERO)R008548563-41slsp</subfield></datafield><datafield ind1=" " ind2=" " tag="035"><subfield code="a">(EXLNZ-41SLSP_NETWORK)991130938349705501</subfield></datafield><datafield ind1=" " ind2=" " tag="040"><subfield code="a">RERO gevbge</subfield><subfield code="d">CH-ZuSLS</subfield></datafield><datafield ind1=" " ind2=" " tag="044"><subfield code="a">sz</subfield><subfield code="c">ch-ge</subfield></datafield><datafield ind1=" " ind2="7" tag="072"><subfield code="a">ur</subfield><subfield code="2">rero</subfield></datafield><datafield ind1="0" ind2="0" tag="245"><subfield code="a">&lt;&lt;La&gt;&gt; construction d'immeubles à loyers modérés par la Ville de Genève, 1949-1958</subfield><subfield code="c">[prés.] par Maurice Thévenaz</subfield></datafield><datafield ind1="1" ind2=" " tag="246"><subfield code="a">HLM, Ville de Genève, 1949-1958</subfield></datafield><datafield ind1="1" ind2=" " tag="246"><subfield code="a">Immeubles à loyers modérés construits par la Ville de Genève, 1949-1958</subfield></datafield><datafield ind1=" " ind2="1" tag="264"><subfield code="a">Genève</subfield><subfield code="b">Publiba</subfield><subfield code="c">1958</subfield></datafield><datafield ind1=" " ind2="3" tag="264"><subfield code="a">Genève</subfield><subfield code="b">Impr. populaires</subfield></datafield><datafield ind1=" " ind2=" " tag="300"><subfield code="a">32 p.</subfield><subfield code="b">ill. en noir</subfield><subfield code="c">30 cm</subfield></datafield><datafield ind1=" " ind2=" " tag="336"><subfield code="b">txt</subfield><subfield code="2">rdacontent</subfield></datafield><datafield ind1=" " ind2=" " tag="337"><subfield code="b">n</subfield><subfield code="2">rdamedia</subfield></datafield><datafield ind1=" " ind2=" " tag="338"><subfield code="b">nc</subfield><subfield code="2">rdacarrier</subfield></datafield><datafield ind1=" " ind2=" " tag="500"><subfield code="a">La couv. porte: HLM, Ville de Genève, 1949-1958 et le faux-titre: Immeubles à loyers modérés construits par la Ville de Genève, 1949-1958</subfield></datafield><datafield ind1=" " ind2=" " tag="500"><subfield code="a">Les pages 17 à 32, bien que numérotées, contiennent des encarts publicitaires</subfield></datafield><datafield ind1=" " ind2="7" tag="650"><subfield code="a">Habitations à loyer modéré</subfield><subfield code="0">(IDREF)027440052</subfield><subfield code="2">idref</subfield></datafield><datafield ind1=" " ind2="7" tag="650"><subfield code="a">1949-1958</subfield><subfield code="2">rero</subfield></datafield><datafield ind1=" " ind2="7" tag="651"><subfield code="a">Genève (Genève, Suisse)</subfield><subfield code="0">(IDREF)02726453X</subfield><subfield code="2">idref</subfield></datafield><datafield ind1="1" ind2=" " tag="700"><subfield code="a">Thévenaz, Maurice</subfield><subfield code="0">(RERO)A003900442</subfield></datafield><datafield ind1=" " ind2=" " tag="900"><subfield code="a">REROnoselfmerge</subfield></datafield><datafield ind1=" " ind2=" " tag="993"><subfield code="a">BFLB 34605</subfield><subfield code="x">ge/ulha/d/13/0217</subfield><subfield code="9">LOCAL</subfield></datafield></record>
</metadata></record>