<record><header><identifier>oai:alma.41SLSP_UGE:991000775149705502</identifier><datestamp>2024-07-27T00:41:06Z</datestamp><setSpec>uge_bcen_RapidILL_BOOK</setSpec><setSpec>uge_aaca_RapidILL_BOOK</setSpec><setSpec>uge_abels_RapidILL_BOOK</setSpec><setSpec>uge_dbu_RapidILL_BOOK</setSpec><setSpec>uge_cmu_RapidILL_BOOK</setSpec><setSpec>uge_mail_RapidILL_BOOK</setSpec><setSpec>uge_abbat_RapidILL_BOOK</setSpec><setSpec>UNIGE_ALL</setSpec><setSpec>uge_aobs_RapidILL_BOOK</setSpec><setSpec>uge_acar_RapidILL_BOOK</setSpec></header><metadata>
<record xmlns="http://www.loc.gov/MARC21/slim" xmlns:xsi="http://www.w3.org/2001/XMLSchema-instance" xsi:schemaLocation="http://www.loc.gov/MARC21/slim http://www.loc.gov/standards/marcxml/schema/MARC21slim.xsd"><leader>04393nam a2200709 c 4500</leader><controlfield tag="001">991000775149705502</controlfield><controlfield tag="005">20230630125016.0</controlfield><controlfield tag="008">201012s1999    it ||||| |||| 00| ||ita d</controlfield><datafield ind1=" " ind2=" " tag="035"><subfield code="a">(swissbib)236703188-41slsp_network</subfield></datafield><datafield ind1=" " ind2=" " tag="035"><subfield code="a">236703188</subfield><subfield code="9">ExL</subfield></datafield><datafield ind1=" " ind2=" " tag="035"><subfield code="a">(RERO)R272601560-41slsp</subfield></datafield><datafield ind1=" " ind2=" " tag="035"><subfield code="a">(NEBIS)003872594EBI01</subfield></datafield><datafield ind1=" " ind2=" " tag="035"><subfield code="a">(IDSSG)000463392HSB01</subfield></datafield><datafield ind1=" " ind2=" " tag="035"><subfield code="a">(EXLNZ-41SLSP_NETWORK)991069477449705501</subfield></datafield><datafield ind1=" " ind2=" " tag="040"><subfield code="a">RERO frbcuc</subfield><subfield code="d">CH-ZuSLS</subfield></datafield><datafield ind1=" " ind2="7" tag="072"><subfield code="a">it</subfield><subfield code="2">rero</subfield></datafield><datafield ind1="1" ind2=" " tag="080"><subfield code="a">(016):805</subfield></datafield><datafield ind1="0" ind2="4" tag="082"><subfield code="a">016.8509</subfield></datafield><datafield ind1="1" ind2="4" tag="082"><subfield code="a">016</subfield></datafield><datafield ind1="0" ind2="0" tag="245"><subfield code="a">Bibliografia delle opere a stampa della letteratura in lingua milanese</subfield><subfield code="c">a cura di Dante Isella</subfield></datafield><datafield ind1="1" ind2=" " tag="246"><subfield code="a">Varon, Magg, Balestrer, Tanz e Parin</subfield></datafield><datafield ind1="1" ind2=" " tag="246"><subfield code="a">Letteratura in lingua milanese dal Maggi al Porta</subfield></datafield><datafield ind1="1" ind2="4" tag="246"><subfield code="a">Varon, Magg, Balestrer, Tanz e Parin ...</subfield><subfield code="b">la letteratura in lingua milanese dal Maggi al Porta</subfield></datafield><datafield ind1=" " ind2="1" tag="264"><subfield code="a">Milano</subfield><subfield code="b">Biblioteca nazionale braidense</subfield><subfield code="c">1999</subfield></datafield><datafield ind1=" " ind2=" " tag="300"><subfield code="a">XXI, 235 p., [32] p. de pl.</subfield><subfield code="b">fac-sim., portr.</subfield><subfield code="c">24 cm</subfield></datafield><datafield ind1=" " ind2=" " tag="336"><subfield code="b">txt</subfield><subfield code="2">rdacontent</subfield></datafield><datafield ind1=" " ind2=" " tag="337"><subfield code="b">n</subfield><subfield code="2">rdamedia</subfield></datafield><datafield ind1=" " ind2=" " tag="338"><subfield code="b">nc</subfield><subfield code="2">rdacarrier</subfield></datafield><datafield ind1="1" ind2=" " tag="490"><subfield code="a">[Bibliografia delle opere a stampa della letteratura in dialetto milanese]</subfield><subfield code="v">[1]</subfield></datafield><datafield ind1=" " ind2=" " tag="500"><subfield code="a">Questa bibliografia accompagna la mostra &quot;Varon, Magg, Balestrer, Tanz e Parin&quot; organizzata dalla Biblioteca nazionale braidense (Milano, novembre 1999 - aprile 2000)</subfield></datafield><datafield ind1=" " ind2=" " tag="500"><subfield code="a">Titre de la jaquette: Varon, Magg, Balestrer, Tanz e Parin... : la letteratura in lingua milanese dal Maggi al Porta</subfield></datafield><datafield ind1=" " ind2=" " tag="500"><subfield code="a">Exposition. Milano. Biblioteca Nazionale Braidense. 1999-2000</subfield></datafield><datafield ind1=" " ind2=" " tag="500"><subfield code="a">Ausstellung. Milano. Biblioteca Nazionale Braidense. 1999-2000</subfield></datafield><datafield ind1="2" ind2="0" tag="610"><subfield code="a">Biblioteca nazionale braidense</subfield><subfield code="v">Exhibitions</subfield></datafield><datafield ind1=" " ind2="7" tag="648"><subfield code="a">Geschichte 1500-1821</subfield><subfield code="2">gnd</subfield></datafield><datafield ind1=" " ind2="7" tag="650"><subfield code="a">Italien (langue)</subfield><subfield code="0">(IDREF)027278239</subfield><subfield code="2">idref</subfield></datafield><datafield ind1=" " ind2="7" tag="650"><subfield code="a">Littérature italienne</subfield><subfield code="0">(IDREF)027806480</subfield><subfield code="2">idref</subfield></datafield><datafield ind1=" " ind2="7" tag="650"><subfield code="a">16e siècle-19e siècle (début)</subfield><subfield code="0">(RERO)A023404239</subfield><subfield code="2">rero</subfield></datafield><datafield ind1=" " ind2="7" tag="650"><subfield code="a">Lombard (dialecte gallo-italien)</subfield><subfield code="0">(IDREF)030722969</subfield><subfield code="2">idref</subfield></datafield><datafield ind1=" " ind2="7" tag="650"><subfield code="a">Lombardisch</subfield><subfield code="0">(DE-588)4168136-8</subfield><subfield code="2">gnd</subfield></datafield><datafield ind1=" " ind2="7" tag="650"><subfield code="a">Literatur</subfield><subfield code="0">(DE-588)4035964-5</subfield><subfield code="2">gnd</subfield></datafield><datafield ind1=" " ind2="7" tag="650"><subfield code="a">Italienisch</subfield><subfield code="0">(DE-588)4114056-4</subfield><subfield code="2">gnd</subfield></datafield><datafield ind1=" " ind2="7" tag="650"><subfield code="a">Druckwerk</subfield><subfield code="0">(DE-588)4013134-8</subfield><subfield code="2">gnd</subfield></datafield><datafield ind1=" " ind2="7" tag="650"><subfield code="a">Bibliografie</subfield><subfield code="0">(DE-588)4006432-3</subfield><subfield code="2">gnd</subfield></datafield><datafield ind1=" " ind2="0" tag="650"><subfield code="a">Dialect literature, Italian</subfield><subfield code="z">Italy</subfield><subfield code="z">Milan</subfield><subfield code="v">Bibliography</subfield><subfield code="v">Exhibitions</subfield></datafield><datafield ind1=" " ind2="0" tag="650"><subfield code="a">Italian literature</subfield><subfield code="z">Italy</subfield><subfield code="z">Milan</subfield><subfield code="v">Bibliography</subfield><subfield code="v">Exhibitions</subfield></datafield><datafield ind1=" " ind2="7" tag="650"><subfield code="a">Mundartliteratur</subfield><subfield code="0">(DE-588)4129655-2</subfield><subfield code="2">gnd</subfield></datafield><datafield ind1=" " ind2="7" tag="651"><subfield code="a">Mailand</subfield><subfield code="0">(DE-588)4037100-1</subfield><subfield code="2">gnd</subfield></datafield><datafield ind1=" " ind2="7" tag="655"><subfield code="a">Catalogues d'exposition</subfield><subfield code="0">(IDREF)027320456</subfield><subfield code="2">idref</subfield></datafield><datafield ind1=" " ind2="7" tag="655"><subfield code="a">Anthologie</subfield><subfield code="2">idszbz</subfield></datafield><datafield ind1=" " ind2="7" tag="655"><subfield code="a">Ausgabe</subfield><subfield code="2">idszbz</subfield></datafield><datafield ind1=" " ind2="7" tag="655"><subfield code="a">Bibliografie</subfield><subfield code="2">gnd-content</subfield></datafield><datafield ind1=" " ind2=" " tag="690"><subfield code="a">Index; Katalog; Druckwerk; Dialekt; Sprache; Abtei; Akademie; Bibliothek; Autor; Almanach; Bossi; Cherubini; Zanella; Abbildung; Arbeit; Charles; Dante; Datensatz; Demetrius; Einleitung; Feedback; Minderjährige; Stefano; Ausstellung; Bibliographie; Domenico; Drucker; Karte; Kriterium</subfield><subfield code="2">idssg-J</subfield></datafield><datafield ind1=" " ind2=" " tag="690"><subfield code="a">Nationalbibliothek; Personenname; CarlAntonio; Indexkarte</subfield><subfield code="2">idssg-J</subfield></datafield><datafield ind1=" " ind2=" " tag="690"><subfield code="a">anonymes Werk; bibliografischer Datensatz; gedrucktes Werk; kontrovers Brandana; literarische Kultur; mailänder Dialekt; mailänder Sprache; persönlicher Name; persönlicher Titel</subfield><subfield code="2">idssg-J</subfield></datafield><datafield ind1=" " ind2=" " tag="690"><subfield code="a">Italien C4EUIT</subfield><subfield code="2">idssg-J</subfield></datafield><datafield ind1=" " ind2=" " tag="690"><subfield code="a">Alessandro Manzoni; Alexander Garioni; Arbeit Giovan Paolo Lomazzo; Bernard Rainford; Biagio Bellotti; CarlAntonio Tanzi; Carlo Alfonso Pellizzoni; Carlo Maria Maggi; Carlo Porta; Carlo Zanella; Charles Gherardini; Dante Isella Braidense; Demetrius Suppensi; Domenico Balestrieri; Fabio Varese; Francesca Manzoni; Francesco Cherubini; Francis Bellati; Francis Pertusati; Giuseppe Bertani; Giuseppe Bossi; Giuseppe Parini; Index Girolamo Francesco Corio; Jerome Birago; Joseph Bernardoni; Joseph Zanoia; Lemene; Louis Rossari; Mitarbeiter xxm Kriterien Katalog; Pietro Cesare; Stefano Simonetta; Tommaso Grossi</subfield><subfield code="2">idssg-J</subfield></datafield><datafield ind1="1" ind2=" " tag="700"><subfield code="a">Isella, Dante</subfield><subfield code="d">1922-2007</subfield><subfield code="0">(DE-588)119336324</subfield><subfield code="6">880-02</subfield></datafield><datafield ind1="1" ind2=" " tag="880"><subfield code="6">700-02</subfield><subfield code="a">Isella, Dante</subfield><subfield code="d">1922-2007</subfield><subfield code="0">(IDREF)28402049</subfield></datafield><datafield ind1="4" ind2=" " tag="856"><subfield code="u">https://tools.unisg.ch/url/hm00245102</subfield><subfield code="z">Inhaltsverzeichnis</subfield></datafield><datafield ind1=" " ind2="0" tag="830"><subfield code="a">Bibliografia delle opere a stampa della letteratura in dialetto milanese</subfield><subfield code="v">1</subfield><subfield code="w">(RERO)R005672143-41slsp</subfield></datafield><datafield ind1=" " ind2=" " tag="900"><subfield code="a">IDSZ2zbzmon200007e</subfield><subfield code="c">IDSZ2matti</subfield><subfield code="d">IDSZ2zbzswk200007b</subfield><subfield code="e">IDSZ2brua</subfield></datafield><datafield ind1=" " ind2=" " tag="949"><subfield code="a">https://tools.unisg.ch/url/hm00245102</subfield></datafield><datafield ind1=" " ind2=" " tag="993"><subfield code="a">BFLA 139509/1</subfield><subfield code="x">ge/ulit/a/00/232</subfield><subfield code="9">LOCAL</subfield></datafield></record>
</metadata></record>