<record><header><identifier>oai:alma.41SLSP_UGE:991000775039705502</identifier><datestamp>2023-03-01T01:09:35Z</datestamp><setSpec>uge_bcen_RapidILL_BOOK</setSpec><setSpec>uge_aaca_RapidILL_BOOK</setSpec><setSpec>uge_abels_RapidILL_BOOK</setSpec><setSpec>uge_dbu_RapidILL_BOOK</setSpec><setSpec>uge_cmu_RapidILL_BOOK</setSpec><setSpec>uge_mail_RapidILL_BOOK</setSpec><setSpec>UNIGE_ALL</setSpec><setSpec>uge_abbat_RapidILL_BOOK</setSpec><setSpec>uge_acar_RapidILL_BOOK</setSpec><setSpec>uge_aobs_RapidILL_BOOK</setSpec></header><metadata>
<record xmlns="http://www.loc.gov/MARC21/slim" xmlns:xsi="http://www.w3.org/2001/XMLSchema-instance" xsi:schemaLocation="http://www.loc.gov/MARC21/slim http://www.loc.gov/standards/marcxml/schema/MARC21slim.xsd"><leader>02359nam a2200517 c 4500</leader><controlfield tag="001">991000775039705502</controlfield><controlfield tag="005">20230213193702.0</controlfield><controlfield tag="008">201012s2006    it ||||| |||| 00| ||ita d</controlfield><datafield ind1=" " ind2=" " tag="020"><subfield code="a">8889609117</subfield><subfield code="c">75.00 EUR</subfield></datafield><datafield ind1=" " ind2=" " tag="035"><subfield code="a">(swissbib)239210212-41slsp_network</subfield></datafield><datafield ind1=" " ind2=" " tag="035"><subfield code="a">239210212</subfield><subfield code="9">ExL</subfield></datafield><datafield ind1=" " ind2=" " tag="035"><subfield code="a">(RERO)R004120225-41slsp</subfield></datafield><datafield ind1=" " ind2=" " tag="035"><subfield code="a">(IDSBB)003925200DSV01</subfield></datafield><datafield ind1=" " ind2=" " tag="035"><subfield code="a">(NEBIS)009650071EBI01</subfield></datafield><datafield ind1=" " ind2=" " tag="035"><subfield code="a">(EXLNZ-41SLSP_NETWORK)991139685419705501</subfield></datafield><datafield ind1=" " ind2=" " tag="040"><subfield code="a">RERO frbcuc</subfield><subfield code="d">CH-ZuSLS</subfield></datafield><datafield ind1=" " ind2=" " tag="050"><subfield code="a">PQ</subfield></datafield><datafield ind1=" " ind2="7" tag="072"><subfield code="a">it</subfield><subfield code="2">rero</subfield></datafield><datafield ind1=" " ind2="7" tag="072"><subfield code="a">ht</subfield><subfield code="2">rero</subfield></datafield><datafield ind1="1" ind2="4" tag="082"><subfield code="a">850</subfield><subfield code="2">21</subfield></datafield><datafield ind1="1" ind2=" " tag="100"><subfield code="a">Luzio, Alessandro</subfield><subfield code="c">historien</subfield><subfield code="d">1857-1946</subfield><subfield code="0">(IDREF)030896061</subfield><subfield code="4">cre</subfield></datafield><datafield ind1="1" ind2="0" tag="245"><subfield code="a">&lt;&lt;La&gt;&gt; coltura e le relazioni letterarie di Isabella d'Este Gonzaga</subfield><subfield code="c">Alessandro Luzio, Rodolfo Renier ; a cura di Simone Albonico ; introd. di Giovanni Agosti ; indici e apparati a cura di Alessandro Della Casa... [et al.]</subfield></datafield><datafield ind1=" " ind2="1" tag="264"><subfield code="a">Milano</subfield><subfield code="b">Edizioni Sylvestre Bonnard</subfield><subfield code="c">2006</subfield></datafield><datafield ind1=" " ind2=" " tag="300"><subfield code="a">XXXVII, 430 p.</subfield><subfield code="c">24 cm</subfield></datafield><datafield ind1=" " ind2=" " tag="336"><subfield code="b">txt</subfield><subfield code="2">rdacontent</subfield></datafield><datafield ind1=" " ind2=" " tag="337"><subfield code="b">n</subfield><subfield code="2">rdamedia</subfield></datafield><datafield ind1=" " ind2=" " tag="338"><subfield code="b">nc</subfield><subfield code="2">rdacarrier</subfield></datafield><datafield ind1="1" ind2=" " tag="490"><subfield code="a">Il banco dei rari</subfield><subfield code="v">1</subfield></datafield><datafield ind1=" " ind2=" " tag="500"><subfield code="a">Il testo di Luzio e Renier apparve in ed. originale sulla rivista &quot;Giornale storico della letteratura italiana&quot;, Torino, 1899-1903</subfield></datafield><datafield ind1=" " ind2=" " tag="500"><subfield code="a">Isabella d'Este (1474-1539), consort of Francesco II Gonzaga, Marquis of Mantua</subfield></datafield><datafield ind1=" " ind2=" " tag="504"><subfield code="a">Includes bibliographical references</subfield></datafield><datafield ind1="0" ind2="7" tag="600"><subfield code="a">Isabelle d'Este</subfield><subfield code="c">marquise de Mantoue</subfield><subfield code="d">1474-1539</subfield><subfield code="0">(IDREF)027617173</subfield><subfield code="2">idref</subfield></datafield><datafield ind1=" " ind2="7" tag="650"><subfield code="a">Culture</subfield><subfield code="0">(IDREF)027231429</subfield><subfield code="2">idref</subfield></datafield><datafield ind1=" " ind2="7" tag="650"><subfield code="a">relations littéraires</subfield><subfield code="0">(RERO)A010139519</subfield><subfield code="2">rerovoc</subfield></datafield><datafield ind1=" " ind2="7" tag="651"><subfield code="a">Italie</subfield><subfield code="0">(IDREF)027235408</subfield><subfield code="2">idref</subfield></datafield><datafield ind1=" " ind2="7" tag="655"><subfield code="a">[Études diverses]</subfield><subfield code="0">(RERO)A022249905</subfield><subfield code="2">rero</subfield></datafield><datafield ind1=" " ind2="7" tag="655"><subfield code="a">Bibliographie</subfield><subfield code="0">(IDREF)027229386</subfield><subfield code="2">idref</subfield></datafield><datafield ind1="1" ind2=" " tag="700"><subfield code="a">Agosti, Giovanni</subfield><subfield code="d">1961-</subfield><subfield code="0">(DE-588)131983725</subfield><subfield code="6">880-02</subfield></datafield><datafield ind1="1" ind2=" " tag="880"><subfield code="6">700-02</subfield><subfield code="a">Agosti, Giovanni</subfield><subfield code="d">1961-....</subfield><subfield code="0">(IDREF)030395658</subfield></datafield><datafield ind1="1" ind2=" " tag="700"><subfield code="a">Renier, Rodolfo</subfield><subfield code="d">1857-1915</subfield><subfield code="0">(IDREF)03089610X</subfield></datafield><datafield ind1="1" ind2=" " tag="700"><subfield code="a">Albonico, Simone</subfield><subfield code="d">1961-</subfield><subfield code="0">(DE-588)137353359</subfield><subfield code="6">880-04</subfield></datafield><datafield ind1="1" ind2=" " tag="880"><subfield code="6">700-04</subfield><subfield code="a">Albonico, Simone</subfield><subfield code="d">1961-....</subfield><subfield code="0">(IDREF)033734011</subfield></datafield><datafield ind1="1" ind2=" " tag="700"><subfield code="a">Della Casa, Alessandro</subfield><subfield code="0">(RERO)A012087006</subfield></datafield><datafield ind1="4" ind2=" " tag="856"><subfield code="3">Inhaltsverzeichnis</subfield><subfield code="u">http://www.ub.unibas.ch/tox/HBZ/HT014876171/PDF</subfield><subfield code="q">pdf</subfield></datafield><datafield ind1=" " ind2=" " tag="830"><subfield code="a">&lt;&lt;Il&gt;&gt; banco dei rari</subfield><subfield code="v">1</subfield><subfield code="w">(RERO)R004120219-41slsp</subfield></datafield><datafield ind1=" " ind2=" " tag="900"><subfield code="a">REROnoselfmerge</subfield></datafield><datafield ind1=" " ind2=" " tag="949"><subfield code="a">http://www.ub.unibas.ch/tox/HBZ/HT014876171/PDF</subfield></datafield><datafield ind1=" " ind2=" " tag="993"><subfield code="a">BFLA 196356</subfield><subfield code="x">ge/ulit/a/07/37</subfield><subfield code="9">LOCAL</subfield></datafield></record>
</metadata></record>