<record><header><identifier>oai:alma.41SLSP_UGE:991000774739705502</identifier><datestamp>2023-03-01T01:09:35Z</datestamp><setSpec>uge_bcen_RapidILL_BOOK</setSpec><setSpec>uge_aaca_RapidILL_BOOK</setSpec><setSpec>uge_abels_RapidILL_BOOK</setSpec><setSpec>uge_dbu_RapidILL_BOOK</setSpec><setSpec>uge_cmu_RapidILL_BOOK</setSpec><setSpec>uge_mail_RapidILL_BOOK</setSpec><setSpec>UNIGE_ALL</setSpec><setSpec>uge_abbat_RapidILL_BOOK</setSpec><setSpec>uge_aobs_RapidILL_BOOK</setSpec><setSpec>uge_acar_RapidILL_BOOK</setSpec></header><metadata>
<record xmlns="http://www.loc.gov/MARC21/slim" xmlns:xsi="http://www.w3.org/2001/XMLSchema-instance" xsi:schemaLocation="http://www.loc.gov/MARC21/slim http://www.loc.gov/standards/marcxml/schema/MARC21slim.xsd"><leader>00895nam a2200253 c 4500</leader><controlfield tag="001">991000774739705502</controlfield><controlfield tag="005">20201227141137.0</controlfield><controlfield tag="008">021104s1989    ch ||||| |||| 00| ||chi d</controlfield><datafield ind1=" " ind2=" " tag="035"><subfield code="a">(swissbib)098338110-41slsp_network</subfield></datafield><datafield ind1=" " ind2=" " tag="035"><subfield code="a">098338110</subfield><subfield code="9">ExL</subfield></datafield><datafield ind1=" " ind2=" " tag="035"><subfield code="a">(RERO)R003265917-41slsp</subfield></datafield><datafield ind1=" " ind2=" " tag="035"><subfield code="a">(EXLNZ-41SLSP_NETWORK)991131976349705501</subfield></datafield><datafield ind1=" " ind2=" " tag="040"><subfield code="a">RERO geulch</subfield><subfield code="d">CH-ZuSLS</subfield></datafield><datafield ind1=" " ind2="7" tag="072"><subfield code="a">or</subfield><subfield code="2">rero</subfield></datafield><datafield ind1="1" ind2=" " tag="100"><subfield code="a">Xia, Mianzun</subfield><subfield code="0">(RERO)A008997141</subfield><subfield code="4">cre</subfield></datafield><datafield ind1="1" ind2="0" tag="245"><subfield code="a">Xia Mianzun, Feng Zikai</subfield><subfield code="b">Xinwen ren fengge de erwei sanwen dajia</subfield></datafield><datafield ind1=" " ind2="1" tag="264"><subfield code="a">Taibei</subfield><subfield code="b">Haifeng chubanshe</subfield><subfield code="c">1989</subfield></datafield><datafield ind1=" " ind2=" " tag="300"><subfield code="a">258 p.</subfield><subfield code="b">ill.</subfield><subfield code="c">21 cm</subfield></datafield><datafield ind1=" " ind2=" " tag="336"><subfield code="b">txt</subfield><subfield code="2">rdacontent</subfield></datafield><datafield ind1=" " ind2=" " tag="337"><subfield code="b">n</subfield><subfield code="2">rdamedia</subfield></datafield><datafield ind1=" " ind2=" " tag="338"><subfield code="b">nc</subfield><subfield code="2">rdacarrier</subfield></datafield><datafield ind1="1" ind2=" " tag="490"><subfield code="a">Zhongguo xin wenxue dashi mingzuo shangxi</subfield><subfield code="v">dashi chuan 7</subfield></datafield><datafield ind1="1" ind2=" " tag="700"><subfield code="a">Feng, Zikai</subfield><subfield code="c">caricaturiste</subfield><subfield code="d">1898-1975</subfield><subfield code="0">(IDREF)078171938</subfield></datafield><datafield ind1=" " ind2=" " tag="830"><subfield code="a">Zhongguo xin wenxue dashi mingzuo shangxi</subfield><subfield code="v">7</subfield><subfield code="w">(RERO)R003264200-41slsp</subfield></datafield><datafield ind1=" " ind2=" " tag="900"><subfield code="a">REROnoselfmerge</subfield></datafield></record>
</metadata></record>