<record><header><identifier>oai:alma.41SLSP_UGE:991000775239705502</identifier><datestamp>2023-12-15T01:25:37Z</datestamp><setSpec>uge_bcen_RapidILL_BOOK</setSpec><setSpec>uge_aaca_RapidILL_BOOK</setSpec><setSpec>uge_abels_RapidILL_BOOK</setSpec><setSpec>uge_dbu_RapidILL_BOOK</setSpec><setSpec>uge_cmu_RapidILL_BOOK</setSpec><setSpec>uge_mail_RapidILL_BOOK</setSpec><setSpec>uge_abbat_RapidILL_BOOK</setSpec><setSpec>UNIGE_ALL</setSpec><setSpec>uge_aobs_RapidILL_BOOK</setSpec><setSpec>uge_acar_RapidILL_BOOK</setSpec></header><metadata>
<record xmlns="http://www.loc.gov/MARC21/slim" xmlns:xsi="http://www.w3.org/2001/XMLSchema-instance" xsi:schemaLocation="http://www.loc.gov/MARC21/slim http://www.loc.gov/standards/marcxml/schema/MARC21slim.xsd"><leader>02971nam a2200757 c 4500</leader><controlfield tag="001">991000775239705502</controlfield><controlfield tag="005">20230619200740.0</controlfield><controlfield tag="008">201011m19781980ne ||||| |||| 00| ||eng d</controlfield><datafield ind1=" " ind2=" " tag="020"><subfield code="a">9004057900</subfield><subfield code="q">part 1</subfield></datafield><datafield ind1=" " ind2=" " tag="020"><subfield code="a">9004058257</subfield><subfield code="q">part 2</subfield></datafield><datafield ind1=" " ind2=" " tag="020"><subfield code="a">9004059423</subfield><subfield code="q">part 3</subfield></datafield><datafield ind1=" " ind2=" " tag="020"><subfield code="a">9004059431</subfield><subfield code="q">part 4</subfield></datafield><datafield ind1=" " ind2=" " tag="020"><subfield code="a">9004059458</subfield><subfield code="q">part 5</subfield></datafield><datafield ind1=" " ind2=" " tag="020"><subfield code="a">9004059466</subfield><subfield code="q">part 6</subfield></datafield><datafield ind1=" " ind2=" " tag="020"><subfield code="a">9004057897</subfield></datafield><datafield ind1=" " ind2=" " tag="035"><subfield code="a">(swissbib)222255927-41slsp_network</subfield></datafield><datafield ind1=" " ind2=" " tag="035"><subfield code="a">222255927</subfield><subfield code="9">ExL</subfield></datafield><datafield ind1=" " ind2=" " tag="035"><subfield code="a">(RERO)0286460-41slsp</subfield></datafield><datafield ind1=" " ind2=" " tag="035"><subfield code="a">(NEBIS)003310685EBI01</subfield></datafield><datafield ind1=" " ind2=" " tag="035"><subfield code="a">(IDSLU)000656777ILU01</subfield></datafield><datafield ind1=" " ind2=" " tag="035"><subfield code="a">(EXLNZ-41SLSP_NETWORK)991154407529705501</subfield></datafield><datafield ind1=" " ind2=" " tag="040"><subfield code="a">RERO</subfield><subfield code="d">CH-ZuSLS</subfield></datafield><datafield ind1="1" ind2=" " tag="041"><subfield code="a">eng</subfield><subfield code="h">heb</subfield></datafield><datafield ind1=" " ind2="7" tag="072"><subfield code="a">th</subfield><subfield code="2">rero</subfield></datafield><datafield ind1="0" ind2="4" tag="082"><subfield code="a">296.1/2306</subfield><subfield code="2">19</subfield></datafield><datafield ind1="0" ind2="4" tag="082"><subfield code="a">296.123</subfield></datafield><datafield ind1="0" ind2="4" tag="082"><subfield code="a">296/.12307</subfield></datafield><datafield ind1=" " ind2=" " tag="084"><subfield code="a">BD 1680</subfield><subfield code="2">rvk</subfield></datafield><datafield ind1=" " ind2=" " tag="084"><subfield code="a">BD 3050</subfield><subfield code="2">rvk</subfield></datafield><datafield ind1="1" ind2=" " tag="100"><subfield code="a">Neusner, Jacob</subfield><subfield code="d">1932-2016</subfield><subfield code="0">(DE-588)119433532</subfield><subfield code="6">880-01</subfield></datafield><datafield ind1="1" ind2=" " tag="880"><subfield code="6">100-01</subfield><subfield code="a">Neusner, Jacob</subfield><subfield code="d">1932-2016</subfield><subfield code="0">(IDREF)028387198</subfield><subfield code="4">cre</subfield></datafield><datafield ind1="1" ind2="0" tag="245"><subfield code="a">&lt;&lt;A&gt;&gt; history of the Mishnaic law of holy things</subfield><subfield code="c">by Jacob Neusner</subfield></datafield><datafield ind1=" " ind2="1" tag="264"><subfield code="a">Leiden</subfield><subfield code="b">E. J. Brill</subfield><subfield code="c">1978-1980</subfield></datafield><datafield ind1=" " ind2=" " tag="300"><subfield code="a">6 vol.</subfield><subfield code="c">25 cm</subfield></datafield><datafield ind1=" " ind2=" " tag="336"><subfield code="b">txt</subfield><subfield code="2">rdacontent</subfield></datafield><datafield ind1=" " ind2=" " tag="337"><subfield code="b">n</subfield><subfield code="2">rdamedia</subfield></datafield><datafield ind1=" " ind2=" " tag="338"><subfield code="b">nc</subfield><subfield code="2">rdacarrier</subfield></datafield><datafield ind1="1" ind2=" " tag="490"><subfield code="a">Studies in Judaism in Late Antiquity</subfield><subfield code="v">vol. 30</subfield></datafield><datafield ind1=" " ind2=" " tag="500"><subfield code="a">Enthält den ins Englische übersetzten Text aus der Mišna (Seder 5: Qodašim)</subfield></datafield><datafield ind1="0" ind2="0" tag="505"><subfield code="g">Part 1</subfield><subfield code="t">Zebahim : translation and explanation</subfield><subfield code="g">. - 1978. - XVIII, 262 S.</subfield></datafield><datafield ind1="0" ind2="0" tag="505"><subfield code="g">Part 2</subfield><subfield code="t">Menahot : translation and explanation</subfield><subfield code="g">. - 1978. - XVI, 210 S.</subfield></datafield><datafield ind1="0" ind2="0" tag="505"><subfield code="g">Part 3</subfield><subfield code="t">Hullin, Bekhorot : translation and explanation</subfield><subfield code="g">. - 1979. - XVI, 250 S.</subfield></datafield><datafield ind1="0" ind2="0" tag="505"><subfield code="g">Part 4</subfield><subfield code="t">Arakhin, Temurah : translation and explanation</subfield><subfield code="g">. - 1979. - XVI, 158 S.</subfield></datafield><datafield ind1="0" ind2="0" tag="505"><subfield code="g">Part 5</subfield><subfield code="t">Keritot, Meilah, Tamid, Middot, Quinnim : translation and explanation</subfield><subfield code="g">. - 1980. - XVI, 225 S.</subfield></datafield><datafield ind1="0" ind2="0" tag="505"><subfield code="g">Part 6</subfield><subfield code="t">&lt;&lt;The&gt;&gt; Mishnaic system of sacrifice and sanctuary</subfield><subfield code="g">. - 1980. - XXXI, 302 S.</subfield></datafield><datafield ind1="0" ind2="7" tag="630"><subfield code="a">Mishna</subfield><subfield code="p">5, Qodashim</subfield><subfield code="0">(RERO)A010117898</subfield><subfield code="2">rero</subfield></datafield><datafield ind1="0" ind2="7" tag="630"><subfield code="a">Mishnah</subfield><subfield code="0">(DE-588)4170126-4</subfield><subfield code="2">gnd</subfield></datafield><datafield ind1="0" ind2="0" tag="630"><subfield code="a">Mishnah</subfield><subfield code="l">English</subfield></datafield><datafield ind1="0" ind2="0" tag="630"><subfield code="a">Mishnah</subfield><subfield code="p">Bekhorot</subfield><subfield code="l">English</subfield></datafield><datafield ind1="0" ind2="0" tag="630"><subfield code="a">Mishnah</subfield><subfield code="p">Hullin</subfield><subfield code="l">English</subfield></datafield><datafield ind1="0" ind2="0" tag="630"><subfield code="a">Mishnah</subfield><subfield code="p">Kodashim</subfield><subfield code="l">English</subfield></datafield><datafield ind1="0" ind2="0" tag="630"><subfield code="a">Mishnah</subfield><subfield code="p">Kodashim</subfield><subfield code="v">Commentaries</subfield></datafield><datafield ind1="0" ind2="0" tag="630"><subfield code="a">Mishnah</subfield><subfield code="p">Kodashim</subfield><subfield code="x">Eksegese</subfield></datafield><datafield ind1="0" ind2="0" tag="630"><subfield code="a">Mishnah</subfield><subfield code="v">Commentaries</subfield></datafield><datafield ind1="0" ind2="0" tag="630"><subfield code="a">Tosefta</subfield><subfield code="l">English</subfield></datafield><datafield ind1="0" ind2="0" tag="630"><subfield code="a">Tosefta</subfield><subfield code="p">Bekhorot</subfield><subfield code="l">English</subfield></datafield><datafield ind1="0" ind2="0" tag="630"><subfield code="a">Tosefta</subfield><subfield code="p">Hullin</subfield><subfield code="l">English</subfield></datafield><datafield ind1=" " ind2="7" tag="650"><subfield code="a">Geschichte</subfield><subfield code="0">(DE-588)4020517-4</subfield><subfield code="2">gnd</subfield></datafield><datafield ind1=" " ind2="0" tag="650"><subfield code="a">Asylum, Right of</subfield><subfield code="x">Religious aspects</subfield></datafield><datafield ind1=" " ind2="0" tag="650"><subfield code="a">Sacrifice</subfield><subfield code="x">Judaism</subfield></datafield><datafield ind1=" " ind2="7" tag="655"><subfield code="a">Commentaire de texte</subfield><subfield code="0">(IDREF)27790681</subfield><subfield code="2">idref</subfield></datafield><datafield ind1=" " ind2=" " tag="690"><subfield code="a">Gottesdienst, B: jüdischer: Mischna</subfield><subfield code="2">rzs-L1</subfield></datafield><datafield ind1=" " ind2=" " tag="690"><subfield code="a">Mischna, B: Kultgesetz</subfield><subfield code="2">rzs-L1</subfield></datafield><datafield ind1="0" ind2=" " tag="730"><subfield code="a">Mishna</subfield><subfield code="n">5</subfield><subfield code="p">Qodashim</subfield><subfield code="l">Anglais</subfield></datafield><datafield ind1=" " ind2="0" tag="830"><subfield code="a">Studies in Judaism in late antiquity</subfield><subfield code="v">30</subfield><subfield code="w">(IDSLU)000370944ILU01</subfield></datafield><datafield ind1=" " ind2=" " tag="900"><subfield code="a">IDSZRMedeaZBZ</subfield><subfield code="b">IDSZRSWK</subfield></datafield><datafield ind1=" " ind2=" " tag="900"><subfield code="a">IDSZRMedeaZBZ</subfield><subfield code="b">IDSZRMehrbändig</subfield></datafield></record>
</metadata></record>