<record><header><identifier>oai:alma.41SLSP_UGE:991000775549705502</identifier><datestamp>2023-03-01T01:09:35Z</datestamp><setSpec>uge_bcen_RapidILL_BOOK</setSpec><setSpec>uge_aaca_RapidILL_BOOK</setSpec><setSpec>uge_abels_RapidILL_BOOK</setSpec><setSpec>uge_dbu_RapidILL_BOOK</setSpec><setSpec>uge_cmu_RapidILL_BOOK</setSpec><setSpec>uge_mail_RapidILL_BOOK</setSpec><setSpec>UNIGE_ALL</setSpec><setSpec>uge_abbat_RapidILL_BOOK</setSpec><setSpec>uge_acar_RapidILL_BOOK</setSpec><setSpec>uge_aobs_RapidILL_BOOK</setSpec></header><metadata>
<record xmlns="http://www.loc.gov/MARC21/slim" xmlns:xsi="http://www.w3.org/2001/XMLSchema-instance" xsi:schemaLocation="http://www.loc.gov/MARC21/slim http://www.loc.gov/standards/marcxml/schema/MARC21slim.xsd"><leader>01263nam a22003257c 4500</leader><controlfield tag="001">991000775549705502</controlfield><controlfield tag="005">20230216202309.0</controlfield><controlfield tag="008">080618s2000    le ||||| |||| 00| ||ara d</controlfield><datafield ind1=" " ind2=" " tag="020"><subfield code="a">9953996563</subfield></datafield><datafield ind1=" " ind2=" " tag="035"><subfield code="a">(swissbib)106867288-41slsp_network</subfield></datafield><datafield ind1=" " ind2=" " tag="035"><subfield code="a">106867288</subfield><subfield code="9">ExL</subfield></datafield><datafield ind1=" " ind2=" " tag="035"><subfield code="a">(RERO)R004725121-41slsp</subfield></datafield><datafield ind1=" " ind2=" " tag="035"><subfield code="a">(EXLNZ-41SLSP_NETWORK)991031962079705501</subfield></datafield><datafield ind1=" " ind2=" " tag="040"><subfield code="a">RERO geueti</subfield><subfield code="d">CH-ZuSLS</subfield></datafield><datafield ind1="0" ind2=" " tag="041"><subfield code="a">ara</subfield><subfield code="a">eng</subfield></datafield><datafield ind1=" " ind2="7" tag="072"><subfield code="a">lg</subfield><subfield code="2">rero</subfield></datafield><datafield ind1="1" ind2=" " tag="100"><subfield code="a">Jabboury, A.</subfield><subfield code="0">(RERO)A014035474</subfield><subfield code="4">cre</subfield></datafield><datafield ind1="1" ind2="0" tag="245"><subfield code="a">&lt;&lt;Al-&gt;&gt;Mufid translation textbook</subfield><subfield code="b">English-Arabic, Arabic-English : second secondary humanities = (...)</subfield><subfield code="c">A. Jabboury, L. Kassab and H. Sinno Mehio ; supervision and introduction : Ghassan E. Ghosn</subfield></datafield><datafield ind1=" " ind2="1" tag="264"><subfield code="a">Bayrūt</subfield><subfield code="b">Dār al-ʿIlm lil-Malāyīn</subfield><subfield code="c">2000</subfield></datafield><datafield ind1=" " ind2=" " tag="300"><subfield code="a">311 p.</subfield><subfield code="b">ill.</subfield></datafield><datafield ind1=" " ind2=" " tag="336"><subfield code="b">txt</subfield><subfield code="2">rdacontent</subfield></datafield><datafield ind1=" " ind2=" " tag="337"><subfield code="b">n</subfield><subfield code="2">rdamedia</subfield></datafield><datafield ind1=" " ind2=" " tag="338"><subfield code="b">nc</subfield><subfield code="2">rdacarrier</subfield></datafield><datafield ind1=" " ind2="7" tag="650"><subfield code="a">Anglais (langue)</subfield><subfield code="0">(IDREF)027219232</subfield><subfield code="2">idref</subfield></datafield><datafield ind1=" " ind2="7" tag="650"><subfield code="a">Sciences humaines</subfield><subfield code="0">(IDREF)027247767</subfield><subfield code="2">idref</subfield></datafield><datafield ind1=" " ind2="7" tag="650"><subfield code="a">traduction de l'arabe</subfield><subfield code="0">(RERO)A009959429</subfield><subfield code="2">rerovoc</subfield></datafield><datafield ind1=" " ind2="7" tag="655"><subfield code="a">Manuels d'enseignement</subfield><subfield code="0">(IDREF)027446514</subfield><subfield code="2">idref</subfield></datafield><datafield ind1="1" ind2=" " tag="700"><subfield code="a">Kassab, L.</subfield><subfield code="0">(RERO)A014035475</subfield></datafield><datafield ind1="1" ind2=" " tag="700"><subfield code="a">Sinno Mehio, H.</subfield><subfield code="0">(RERO)A014035476</subfield></datafield><datafield ind1="1" ind2=" " tag="700"><subfield code="a">Ghosn, Ghassan E.</subfield><subfield code="0">(RERO)A014035477</subfield></datafield><datafield ind1=" " ind2=" " tag="900"><subfield code="a">REROnoselfmerge</subfield></datafield></record>
</metadata></record>