<record><header><identifier>oai:alma.41SLSP_UGE:991000775349705502</identifier><datestamp>2023-03-13T01:06:17Z</datestamp><setSpec>uge_bcen_RapidILL_BOOK</setSpec><setSpec>uge_aaca_RapidILL_BOOK</setSpec><setSpec>uge_abels_RapidILL_BOOK</setSpec><setSpec>uge_dbu_RapidILL_BOOK</setSpec><setSpec>uge_cmu_RapidILL_BOOK</setSpec><setSpec>uge_mail_RapidILL_BOOK</setSpec><setSpec>uge_abbat_RapidILL_BOOK</setSpec><setSpec>UNIGE_ALL</setSpec><setSpec>uge_acar_RapidILL_BOOK</setSpec><setSpec>uge_aobs_RapidILL_BOOK</setSpec></header><metadata>
<record xmlns="http://www.loc.gov/MARC21/slim" xmlns:xsi="http://www.w3.org/2001/XMLSchema-instance" xsi:schemaLocation="http://www.loc.gov/MARC21/slim http://www.loc.gov/standards/marcxml/schema/MARC21slim.xsd"><leader>02081nam a2200529 c 4500</leader><controlfield tag="001">991000775349705502</controlfield><controlfield tag="005">20230312193146.0</controlfield><controlfield tag="008">201011s1972    sp ||||| |||| 00| ||spa d</controlfield><datafield ind1=" " ind2=" " tag="035"><subfield code="a">(swissbib)223812137-41slsp_network</subfield></datafield><datafield ind1=" " ind2=" " tag="035"><subfield code="a">223812137</subfield><subfield code="9">ExL</subfield></datafield><datafield ind1=" " ind2=" " tag="035"><subfield code="a">(RERO)0073861-41slsp</subfield></datafield><datafield ind1=" " ind2=" " tag="035"><subfield code="a">(NEBIS)003109267EBI01</subfield></datafield><datafield ind1=" " ind2=" " tag="035"><subfield code="a">(OCoLC)186391481</subfield></datafield><datafield ind1=" " ind2=" " tag="035"><subfield code="a">(EXLNZ-41SLSP_NETWORK)991068229209705501</subfield></datafield><datafield ind1=" " ind2=" " tag="040"><subfield code="a">RERO</subfield><subfield code="d">CH-ZuSLS</subfield></datafield><datafield ind1="1" ind2=" " tag="041"><subfield code="a">spa</subfield><subfield code="h">ger</subfield></datafield><datafield ind1=" " ind2="7" tag="072"><subfield code="a">es</subfield><subfield code="2">rero</subfield></datafield><datafield ind1="0" ind2="4" tag="082"><subfield code="a">808</subfield></datafield><datafield ind1="0" ind2="4" tag="082"><subfield code="a">808.3</subfield></datafield><datafield ind1="0" ind2="4" tag="082"><subfield code="a">809.31</subfield><subfield code="b">P112nXS</subfield></datafield><datafield ind1=" " ind2=" " tag="084"><subfield code="a">G.016</subfield><subfield code="2">kssb/6</subfield></datafield><datafield ind1="1" ind2=" " tag="100"><subfield code="a">Pabst, Walter</subfield><subfield code="d">1907-1992</subfield><subfield code="0">(IDREF)06094661X</subfield><subfield code="4">cre</subfield></datafield><datafield ind1="1" ind2="0" tag="245"><subfield code="a">&lt;&lt;La&gt;&gt; novela corta en la teoría y en la creación literaria</subfield><subfield code="b">notas para la historia de su antinomia en las literaturas románicas</subfield><subfield code="c">Walter Pabst ; versión española de Rafael De la Vega</subfield></datafield><datafield ind1=" " ind2="1" tag="264"><subfield code="a">Madrid</subfield><subfield code="b">Gredos</subfield><subfield code="c">1972</subfield></datafield><datafield ind1=" " ind2=" " tag="300"><subfield code="a">510 p.</subfield><subfield code="c">21 cm</subfield></datafield><datafield ind1=" " ind2=" " tag="336"><subfield code="b">txt</subfield><subfield code="2">rdacontent</subfield></datafield><datafield ind1=" " ind2=" " tag="337"><subfield code="b">n</subfield><subfield code="2">rdamedia</subfield></datafield><datafield ind1=" " ind2=" " tag="338"><subfield code="b">nc</subfield><subfield code="2">rdacarrier</subfield></datafield><datafield ind1="1" ind2=" " tag="490"><subfield code="a">Biblioteca románica hispánica. 2, Estudios y ensayos</subfield><subfield code="v">179</subfield></datafield><datafield ind1=" " ind2=" " tag="500"><subfield code="a">Originaltitel: Novellentheorie und Novellendichtung: zur Geschichte ihrer Antinomie in den romanischen Literaturen</subfield></datafield><datafield ind1=" " ind2="7" tag="648"><subfield code="a">Geschichte 1110-1700</subfield><subfield code="2">gnd</subfield></datafield><datafield ind1=" " ind2="7" tag="650"><subfield code="a">410-17e siècle</subfield><subfield code="0">(RERO)A026984361</subfield><subfield code="2">rero</subfield></datafield><datafield ind1=" " ind2="7" tag="650"><subfield code="a">Moyen âge</subfield><subfield code="0">(IDREF)027329917</subfield><subfield code="2">idref</subfield></datafield><datafield ind1=" " ind2="7" tag="650"><subfield code="a">Nouvelles romanes</subfield><subfield code="0">(IDREF)029547032</subfield><subfield code="2">idref</subfield></datafield><datafield ind1=" " ind2="7" tag="650"><subfield code="a">Novelle</subfield><subfield code="0">(DE-588)4042706-7</subfield><subfield code="2">gnd</subfield></datafield><datafield ind1=" " ind2="7" tag="650"><subfield code="a">Romanische Sprachen</subfield><subfield code="0">(DE-588)4115788-6</subfield><subfield code="2">gnd</subfield></datafield><datafield ind1=" " ind2="0" tag="650"><subfield code="a">Romance Literature History and Criticism</subfield></datafield><datafield ind1=" " ind2="0" tag="650"><subfield code="a">Romance literature</subfield><subfield code="x">History and criticism</subfield></datafield><datafield ind1=" " ind2="0" tag="650"><subfield code="a">Short story</subfield></datafield><datafield ind1=" " ind2=" " tag="690"><subfield code="a">Romanische Epik / Geschichte, Kritik</subfield><subfield code="2">uzb-Z9</subfield></datafield><datafield ind1=" " ind2=" " tag="690"><subfield code="a">Erzählung und Novelle</subfield><subfield code="2">uzb-VH</subfield></datafield><datafield ind1=" " ind2=" " tag="690"><subfield code="a">Vega Carpio, Lope F. de : Novellen</subfield><subfield code="2">uzb-VH</subfield></datafield><datafield ind1=" " ind2=" " tag="690"><subfield code="a">La Fontaine, Jean de : Contes et Nouvelles</subfield><subfield code="2">uzb-VH</subfield></datafield><datafield ind1="1" ind2=" " tag="700"><subfield code="a">Vega, Rafael de la</subfield><subfield code="0">(IDREF)030296994</subfield></datafield><datafield ind1=" " ind2=" " tag="830"><subfield code="a">Biblioteca románica hispánica</subfield><subfield code="p">2, Estudios y ensayos</subfield><subfield code="v">179</subfield><subfield code="w">(RERO)0011008-41slsp</subfield></datafield><datafield ind1=" " ind2=" " tag="900"><subfield code="a">REROnoselfmerge</subfield></datafield><datafield ind1=" " ind2=" " tag="900"><subfield code="a">IDSZRMedeaZBZ</subfield></datafield><datafield ind1=" " ind2=" " tag="900"><subfield code="f">IDSU2medea</subfield></datafield><datafield ind1=" " ind2=" " tag="993"><subfield code="a">BFLA 215979</subfield><subfield code="x">ge/ules/a/FLs 10374</subfield><subfield code="9">LOCAL</subfield></datafield></record>
</metadata></record>