<record><header><identifier>oai:alma.41SLSP_UGE:991000775559705502</identifier><datestamp>2023-03-01T01:09:35Z</datestamp><setSpec>uge_bcen_RapidILL_BOOK</setSpec><setSpec>uge_aaca_RapidILL_BOOK</setSpec><setSpec>uge_abels_RapidILL_BOOK</setSpec><setSpec>uge_dbu_RapidILL_BOOK</setSpec><setSpec>uge_cmu_RapidILL_BOOK</setSpec><setSpec>uge_mail_RapidILL_BOOK</setSpec><setSpec>UNIGE_ALL</setSpec><setSpec>uge_abbat_RapidILL_BOOK</setSpec><setSpec>uge_acar_RapidILL_BOOK</setSpec><setSpec>uge_aobs_RapidILL_BOOK</setSpec></header><metadata>
<record xmlns="http://www.loc.gov/MARC21/slim" xmlns:xsi="http://www.w3.org/2001/XMLSchema-instance" xsi:schemaLocation="http://www.loc.gov/MARC21/slim http://www.loc.gov/standards/marcxml/schema/MARC21slim.xsd"><leader>02458nam a2200433 c 4500</leader><controlfield tag="001">991000775559705502</controlfield><controlfield tag="005">20230216211815.0</controlfield><controlfield tag="008">201012s1977    sz ||||| |||| 10| ||fre d</controlfield><datafield ind1=" " ind2=" " tag="035"><subfield code="a">(swissbib)236137638-41slsp_network</subfield></datafield><datafield ind1=" " ind2=" " tag="035"><subfield code="a">236137638</subfield><subfield code="9">ExL</subfield></datafield><datafield ind1=" " ind2=" " tag="035"><subfield code="a">(RERO)0391613-41slsp</subfield></datafield><datafield ind1=" " ind2=" " tag="035"><subfield code="a">(NEBIS)000968076EBI01</subfield></datafield><datafield ind1=" " ind2=" " tag="035"><subfield code="a">(EXLNZ-41SLSP_NETWORK)991111803939705501</subfield></datafield><datafield ind1=" " ind2=" " tag="040"><subfield code="a">RERO</subfield><subfield code="d">CH-ZuSLS</subfield></datafield><datafield ind1="0" ind2=" " tag="041"><subfield code="a">fre</subfield><subfield code="a">ger</subfield><subfield code="a">eng</subfield></datafield><datafield ind1=" " ind2=" " tag="044"><subfield code="a">sz</subfield><subfield code="c">ch-ge</subfield></datafield><datafield ind1=" " ind2="7" tag="072"><subfield code="a">se</subfield><subfield code="2">rero</subfield></datafield><datafield ind1="0" ind2="0" tag="245"><subfield code="a">Essais sur la Théorie Économique du Risque et de l'Assurance</subfield><subfield code="b">= Beiträge zu der ökonomischen Theorie des Versicherungswesens = Essays in the economic theory of risk and insurance</subfield></datafield><datafield ind1="1" ind2=" " tag="246"><subfield code="a">Beiträge zu der Ökonomischen Theorie des Versicherungswesens</subfield></datafield><datafield ind1="1" ind2=" " tag="246"><subfield code="a">Essays in the Economic Theory of Risk and Insurance</subfield></datafield><datafield ind1=" " ind2="1" tag="264"><subfield code="a">Genève</subfield><subfield code="b">Association internationale pour l'étude de l'économie de l'assurance Association de Genève</subfield><subfield code="c">1977</subfield></datafield><datafield ind1=" " ind2=" " tag="300"><subfield code="a">42 p.</subfield><subfield code="b">ill.</subfield><subfield code="c">24 cm</subfield></datafield><datafield ind1=" " ind2=" " tag="336"><subfield code="b">txt</subfield><subfield code="2">rdacontent</subfield></datafield><datafield ind1=" " ind2=" " tag="337"><subfield code="b">n</subfield><subfield code="2">rdamedia</subfield></datafield><datafield ind1=" " ind2=" " tag="338"><subfield code="b">nc</subfield><subfield code="2">rdacarrier</subfield></datafield><datafield ind1="1" ind2=" " tag="490"><subfield code="a">The Geneva papers on risk and insurance</subfield><subfield code="v">no 5</subfield></datafield><datafield ind1=" " ind2=" " tag="500"><subfield code="a">&quot;Les trois essais contenus dans ce numéro ont été présentés au Troisième Séminaire des Economistes Européens du Risque et de l'Assurance, tenu à Genève les 1er, 2 et 3 juillet 1976&quot;. - Anlassname auch: Drittes Seminar der Europäischen Risiko- und Versicherungswirtschaftler = Third Seminar of European Risk and Insurance Economists</subfield></datafield><datafield ind1=" " ind2="7" tag="650"><subfield code="a">assurances privées</subfield><subfield code="0">(RERO)A009963114</subfield><subfield code="2">rerovoc</subfield></datafield><datafield ind1=" " ind2="7" tag="650"><subfield code="a">Risque</subfield><subfield code="0">(IDREF)027821455</subfield><subfield code="2">idref</subfield></datafield><datafield ind1=" " ind2="7" tag="650"><subfield code="a">Économie politique</subfield><subfield code="0">(IDREF)027790479</subfield><subfield code="2">idref</subfield></datafield><datafield ind1=" " ind2="7" tag="650"><subfield code="a">RISIKOANALYSE (OPERATIONS RESEARCH)</subfield><subfield code="9">ger</subfield><subfield code="0">(ETHUDK)000013900</subfield><subfield code="2">ethudk</subfield></datafield><datafield ind1=" " ind2="7" tag="650"><subfield code="a">VERSICHERUNGSMATHEMATIK</subfield><subfield code="9">ger</subfield><subfield code="0">(ETHUDK)000012470</subfield><subfield code="2">ethudk</subfield></datafield><datafield ind1=" " ind2="7" tag="650"><subfield code="a">WIRTSCHAFTLICHE UNSICHERHEIT + WIRTSCHAFTLICHES RISIKO</subfield><subfield code="9">ger</subfield><subfield code="0">(ETHUDK)000010304</subfield><subfield code="2">ethudk</subfield></datafield><datafield ind1=" " ind2="7" tag="655"><subfield code="a">[Études diverses]</subfield><subfield code="0">(RERO)A022249905</subfield><subfield code="2">rero</subfield></datafield><datafield ind1=" " ind2="7" tag="655"><subfield code="a">Konferenzschrift</subfield><subfield code="z">Genève</subfield><subfield code="y">1976/07</subfield><subfield code="2">gnd-content</subfield></datafield><datafield ind1="2" ind2=" " tag="710"><subfield code="a">Association internationale pour l'étude de l'économie de l'assurance</subfield><subfield code="b">Séminaire</subfield><subfield code="n">3</subfield><subfield code="d">1976</subfield><subfield code="c">Genève</subfield><subfield code="0">(RERO)A012383231</subfield></datafield><datafield ind1="2" ind2=" " tag="711"><subfield code="a">Seminar of European Risk and Insurance Economists (3 ; 1976 ; Geneva)</subfield></datafield><datafield ind1="0" ind2=" " tag="773"><subfield code="t">The Geneva papers on risk and insurance</subfield><subfield code="g">1977 / FEV = no 5</subfield><subfield code="g">yr:1977</subfield><subfield code="g">no:1977</subfield><subfield code="w">(NEBIS)000028589EBI01</subfield></datafield><datafield ind1=" " ind2=" " tag="830"><subfield code="a">&lt;&lt;The&gt;&gt; Geneva papers on risk and insurance</subfield><subfield code="v">5</subfield><subfield code="w">(RERO)0391609-41slsp</subfield></datafield><datafield ind1=" " ind2=" " tag="900"><subfield code="a">REROnoselfmerge</subfield></datafield></record>
</metadata></record>