<record><header><identifier>oai:alma.41SLSP_UGE:991000774829705502</identifier><datestamp>2024-03-28T01:22:18Z</datestamp><setSpec>uge_bcen_RapidILL_BOOK</setSpec><setSpec>uge_aaca_RapidILL_BOOK</setSpec><setSpec>uge_abels_RapidILL_BOOK</setSpec><setSpec>uge_dbu_RapidILL_BOOK</setSpec><setSpec>uge_cmu_RapidILL_BOOK</setSpec><setSpec>uge_mail_RapidILL_BOOK</setSpec><setSpec>uge_abbat_RapidILL_BOOK</setSpec><setSpec>UNIGE_ALL</setSpec><setSpec>uge_acar_RapidILL_BOOK</setSpec><setSpec>uge_aobs_RapidILL_BOOK</setSpec></header><metadata>
<record xmlns="http://www.loc.gov/MARC21/slim" xmlns:xsi="http://www.w3.org/2001/XMLSchema-instance" xsi:schemaLocation="http://www.loc.gov/MARC21/slim http://www.loc.gov/standards/marcxml/schema/MARC21slim.xsd"><leader>01649nam a2200349 c 4500</leader><controlfield tag="001">991000774829705502</controlfield><controlfield tag="005">20201229214243.0</controlfield><controlfield tag="008">201011s1966    sp ||||| |||| 10| ||eng d</controlfield><datafield ind1=" " ind2=" " tag="035"><subfield code="a">(swissbib)211556017-41slsp_network</subfield></datafield><datafield ind1=" " ind2=" " tag="035"><subfield code="a">211556017</subfield><subfield code="9">ExL</subfield></datafield><datafield ind1=" " ind2=" " tag="035"><subfield code="a">(RERO)R007605041-41slsp</subfield></datafield><datafield ind1=" " ind2=" " tag="035"><subfield code="a">(NEBIS)006257352EBI01</subfield></datafield><datafield ind1=" " ind2=" " tag="035"><subfield code="a">(IDSBB)004720032DSV01</subfield></datafield><datafield ind1=" " ind2=" " tag="035"><subfield code="a">(EXLNZ-41SLSP_NETWORK)991053515379705501</subfield></datafield><datafield ind1=" " ind2=" " tag="040"><subfield code="a">RERO geussa</subfield><subfield code="d">CH-ZuSLS</subfield></datafield><datafield ind1=" " ind2="7" tag="072"><subfield code="a">et</subfield><subfield code="2">rero</subfield></datafield><datafield ind1="1" ind2=" " tag="100"><subfield code="a">Gómez Tabanera, José Manuel</subfield><subfield code="d">1927-2011</subfield><subfield code="0">(DE-588)1048643425</subfield><subfield code="6">880-01</subfield></datafield><datafield ind1="1" ind2=" " tag="880"><subfield code="6">100-01</subfield><subfield code="a">Gómez-Tabanera García, José Manuel</subfield><subfield code="d">1926-</subfield><subfield code="0">(IDREF)030063760</subfield><subfield code="4">cre</subfield></datafield><datafield ind1="1" ind2="0" tag="245"><subfield code="a">Ethnogenesis of the Spanish peoples</subfield><subfield code="c">José Manuel Gómez-Tabanera</subfield></datafield><datafield ind1=" " ind2="1" tag="264"><subfield code="a">Madrid</subfield><subfield code="b">Instituto español de antropologia aplicada</subfield><subfield code="c">1966</subfield></datafield><datafield ind1=" " ind2=" " tag="300"><subfield code="a">58 p.</subfield><subfield code="b">cartes</subfield><subfield code="c">21 cm</subfield></datafield><datafield ind1=" " ind2=" " tag="336"><subfield code="b">txt</subfield><subfield code="2">rdacontent</subfield></datafield><datafield ind1=" " ind2=" " tag="337"><subfield code="b">n</subfield><subfield code="2">rdamedia</subfield></datafield><datafield ind1=" " ind2=" " tag="338"><subfield code="b">nc</subfield><subfield code="2">rdacarrier</subfield></datafield><datafield ind1=" " ind2=" " tag="500"><subfield code="a">VIIe Congrès International des sciences préhisttorique et protohistoriques, Prague 1966, reports and comunications of Spanish Institute of Applied Anthropology</subfield></datafield><datafield ind1=" " ind2=" " tag="500"><subfield code="a">Sonderdruck aus: VIIe Congrès Internat. des sciences préhist. et protohist. Prague 1966, reports and comunications of Spanish Inst. of Applied Anthropology</subfield></datafield><datafield ind1=" " ind2="0" tag="650"><subfield code="a">Ethnology</subfield><subfield code="z">Portugal</subfield></datafield><datafield ind1=" " ind2="0" tag="650"><subfield code="a">Ethnology</subfield><subfield code="z">Spain</subfield></datafield><datafield ind1=" " ind2="7" tag="655"><subfield code="a">Konferenzschrift</subfield><subfield code="z">Praha</subfield><subfield code="y">1966</subfield><subfield code="2">gnd-content</subfield></datafield><datafield ind1="2" ind2=" " tag="711"><subfield code="a">Congrès International des Sciences Préhistoriques et Protohistoriques</subfield><subfield code="0">(DE-588)1089334-9</subfield></datafield><datafield ind1="2" ind2=" " tag="711"><subfield code="a">Congrès international des sciences préhistoriques et protohistoriques</subfield><subfield code="n">7</subfield><subfield code="d">1966</subfield><subfield code="c">Praha</subfield><subfield code="0">(RERO)A024049884</subfield></datafield><datafield ind1=" " ind2=" " tag="900"><subfield code="a">REROnoselfmerge</subfield></datafield><datafield ind1=" " ind2=" " tag="900"><subfield code="a">IDSZRMedeaZBZ</subfield><subfield code="b">IDSZRSWK</subfield></datafield></record>
</metadata></record>