<record><header><identifier>oai:alma.41SLSP_UGE:991000786239705502</identifier><datestamp>2024-09-28T00:15:47Z</datestamp><setSpec>uge_bcen_RapidILL_BOOK</setSpec><setSpec>uge_aaca_RapidILL_BOOK</setSpec><setSpec>uge_abels_RapidILL_BOOK</setSpec><setSpec>uge_dbu_RapidILL_BOOK</setSpec><setSpec>uge_cmu_RapidILL_BOOK</setSpec><setSpec>uge_mail_RapidILL_BOOK</setSpec><setSpec>uge_abbat_RapidILL_BOOK</setSpec><setSpec>UNIGE_ALL</setSpec><setSpec>uge_aobs_RapidILL_BOOK</setSpec><setSpec>uge_acar_RapidILL_BOOK</setSpec></header><metadata>
<record xmlns="http://www.loc.gov/MARC21/slim" xmlns:xsi="http://www.w3.org/2001/XMLSchema-instance" xsi:schemaLocation="http://www.loc.gov/MARC21/slim http://www.loc.gov/standards/marcxml/schema/MARC21slim.xsd"><leader>01286nam a2200373 c 4500</leader><controlfield tag="001">991000786239705502</controlfield><controlfield tag="005">20240927192339.0</controlfield><controlfield tag="008">201011t19821982sp ||||| |||| 00| ||spa d</controlfield><datafield ind1=" " ind2=" " tag="020"><subfield code="a">8470393960</subfield></datafield><datafield ind1=" " ind2=" " tag="035"><subfield code="a">(swissbib)220392595-41slsp_network</subfield></datafield><datafield ind1=" " ind2=" " tag="035"><subfield code="a">220392595</subfield><subfield code="9">ExL</subfield></datafield><datafield ind1=" " ind2=" " tag="035"><subfield code="a">(RERO)0482163-41slsp</subfield></datafield><datafield ind1=" " ind2=" " tag="035"><subfield code="a">(IDSBB)000720030DSV01</subfield></datafield><datafield ind1=" " ind2=" " tag="035"><subfield code="a">(NEBIS)003114328EBI01</subfield></datafield><datafield ind1=" " ind2=" " tag="035"><subfield code="a">(EXLNZ-41SLSP_NETWORK)991045828529705501</subfield></datafield><datafield ind1=" " ind2=" " tag="040"><subfield code="a">RERO</subfield><subfield code="d">CH-ZuSLS</subfield></datafield><datafield ind1=" " ind2="7" tag="072"><subfield code="a">es</subfield><subfield code="2">rero</subfield></datafield><datafield ind1=" " ind2="7" tag="072"><subfield code="a">ir</subfield><subfield code="2">SzZuIDS BS/BE</subfield></datafield><datafield ind1="1" ind2=" " tag="080"><subfield code="a">860&quot;07/14&quot;Zif</subfield></datafield><datafield ind1="0" ind2="0" tag="245"><subfield code="a">Libro del Caballero Zifar</subfield><subfield code="c">ed., introd. y notas de Joaquín González Muela</subfield></datafield><datafield ind1=" " ind2="1" tag="264"><subfield code="a">Madrid</subfield><subfield code="b">Castalia</subfield><subfield code="c">[1982]</subfield></datafield><datafield ind1=" " ind2="4" tag="264"><subfield code="c">©1982</subfield></datafield><datafield ind1=" " ind2=" " tag="300"><subfield code="a">446 p.</subfield><subfield code="b">ill.</subfield><subfield code="c">18 cm</subfield></datafield><datafield ind1=" " ind2=" " tag="336"><subfield code="b">txt</subfield><subfield code="2">rdacontent</subfield></datafield><datafield ind1=" " ind2=" " tag="337"><subfield code="b">n</subfield><subfield code="2">rdamedia</subfield></datafield><datafield ind1=" " ind2=" " tag="338"><subfield code="b">nc</subfield><subfield code="2">rdacarrier</subfield></datafield><datafield ind1="1" ind2=" " tag="490"><subfield code="a">Clásicos Castalia</subfield><subfield code="v">115</subfield></datafield><datafield ind1=" " ind2=" " tag="690"><subfield code="a">Spanische Romane / Ausgaben / Einzelne Autoren und Texte / Originalsprache / C</subfield><subfield code="2">uzb-Z9</subfield></datafield><datafield ind1="1" ind2=" " tag="700"><subfield code="6">880-02</subfield><subfield code="a">González Muela, Joaquín</subfield><subfield code="d">1915-2002</subfield><subfield code="0">(DE-588)1048645436</subfield></datafield><datafield ind1="1" ind2=" " tag="880"><subfield code="6">700-02</subfield><subfield code="a">González Muela, Joaquín</subfield><subfield code="0">(IDREF)026657686</subfield></datafield><datafield ind1="0" ind2=" " tag="730"><subfield code="a">Caballero Cifar</subfield><subfield code="l">Espagnol</subfield></datafield><datafield ind1=" " ind2="0" tag="830"><subfield code="a">Clásicos Castalia</subfield><subfield code="v">115</subfield><subfield code="w">(NEBIS)001000366EBI01</subfield></datafield><datafield ind1=" " ind2="0" tag="830"><subfield code="a">Clásicos Castalia</subfield><subfield code="v">115</subfield><subfield code="w">(RERO)0337395-41slsp</subfield></datafield><datafield ind1=" " ind2=" " tag="900"><subfield code="a">REROnoselfmerge</subfield></datafield><datafield ind1=" " ind2=" " tag="900"><subfield code="a">IDSZRMedeaZBZ</subfield></datafield><datafield ind1=" " ind2=" " tag="993"><subfield code="a">BFLA 228731</subfield><subfield code="x">ge/ules/a/FLs 26213</subfield><subfield code="9">LOCAL</subfield></datafield></record>
</metadata></record>