<record><header><identifier>oai:alma.41SLSP_UGE:991000774929705502</identifier><datestamp>2023-03-01T01:09:35Z</datestamp><setSpec>uge_bcen_RapidILL_BOOK</setSpec><setSpec>uge_aaca_RapidILL_BOOK</setSpec><setSpec>uge_abels_RapidILL_BOOK</setSpec><setSpec>uge_dbu_RapidILL_BOOK</setSpec><setSpec>uge_cmu_RapidILL_BOOK</setSpec><setSpec>uge_mail_RapidILL_BOOK</setSpec><setSpec>UNIGE_ALL</setSpec><setSpec>uge_abbat_RapidILL_BOOK</setSpec><setSpec>uge_aobs_RapidILL_BOOK</setSpec><setSpec>uge_acar_RapidILL_BOOK</setSpec></header><metadata>
<record xmlns="http://www.loc.gov/MARC21/slim" xmlns:xsi="http://www.w3.org/2001/XMLSchema-instance" xsi:schemaLocation="http://www.loc.gov/MARC21/slim http://www.loc.gov/standards/marcxml/schema/MARC21slim.xsd"><leader>01862nam a2200517 c 4500</leader><controlfield tag="001">991000774929705502</controlfield><controlfield tag="005">20201126044238.0</controlfield><controlfield tag="008">201011s1994    it ||||| |||| 00| ||ita d</controlfield><datafield ind1=" " ind2=" " tag="020"><subfield code="a">8822242122</subfield></datafield><datafield ind1=" " ind2=" " tag="035"><subfield code="a">(swissbib)220402973-41slsp_network</subfield></datafield><datafield ind1=" " ind2=" " tag="035"><subfield code="a">220402973</subfield><subfield code="9">ExL</subfield></datafield><datafield ind1=" " ind2=" " tag="035"><subfield code="a">(RERO)2026530-41slsp</subfield></datafield><datafield ind1=" " ind2=" " tag="035"><subfield code="a">(IDSBB)001043189DSV01</subfield></datafield><datafield ind1=" " ind2=" " tag="035"><subfield code="a">(SBT)000678350SBT01</subfield></datafield><datafield ind1=" " ind2=" " tag="035"><subfield code="a">(NEBIS)001519559EBI01</subfield></datafield><datafield ind1=" " ind2=" " tag="035"><subfield code="a">(EXLNZ-41SLSP_NETWORK)991045828739705501</subfield></datafield><datafield ind1=" " ind2=" " tag="040"><subfield code="a">RERO labcud</subfield><subfield code="d">CH-ZuSLS</subfield></datafield><datafield ind1=" " ind2="7" tag="072"><subfield code="a">hm</subfield><subfield code="2">rero</subfield></datafield><datafield ind1=" " ind2="7" tag="072"><subfield code="a">ng</subfield><subfield code="2">SzZuIDS BS/BE</subfield></datafield><datafield ind1=" " ind2="7" tag="072"><subfield code="a">ht</subfield><subfield code="2">rero</subfield></datafield><datafield ind1="0" ind2="4" tag="082"><subfield code="a">945.51</subfield></datafield><datafield ind1="0" ind2="4" tag="082"><subfield code="a">923.245</subfield><subfield code="b">M48b</subfield></datafield><datafield ind1="1" ind2="4" tag="082"><subfield code="a">945.510 5092</subfield><subfield code="2">22</subfield></datafield><datafield ind1="1" ind2="4" tag="082"><subfield code="a">900</subfield><subfield code="2">15</subfield></datafield><datafield ind1=" " ind2=" " tag="084"><subfield code="a">NN 1623</subfield><subfield code="2">rvk</subfield></datafield><datafield ind1="1" ind2=" " tag="100"><subfield code="a">Bullard, Melissa Meriam</subfield><subfield code="d">1946-....</subfield><subfield code="0">(IDREF)078040922</subfield><subfield code="4">cre</subfield></datafield><datafield ind1="1" ind2="0" tag="245"><subfield code="a">Lorenzo il Magnifico</subfield><subfield code="b">image and anxiety, politics and finance</subfield><subfield code="c">Melissa Meriam Bullard</subfield></datafield><datafield ind1=" " ind2="1" tag="264"><subfield code="a">Firenze</subfield><subfield code="b">L. S. Olschki</subfield><subfield code="c">1994</subfield></datafield><datafield ind1=" " ind2=" " tag="300"><subfield code="a">XV, 245 p.</subfield><subfield code="b">tabl.</subfield><subfield code="c">24 cm</subfield></datafield><datafield ind1=" " ind2=" " tag="336"><subfield code="b">txt</subfield><subfield code="2">rdacontent</subfield></datafield><datafield ind1=" " ind2=" " tag="337"><subfield code="b">n</subfield><subfield code="2">rdamedia</subfield></datafield><datafield ind1=" " ind2=" " tag="338"><subfield code="b">nc</subfield><subfield code="2">rdacarrier</subfield></datafield><datafield ind1="1" ind2=" " tag="490"><subfield code="a">Studi e testi. Istituto nazionale di studi sul Rinascimento</subfield><subfield code="v">34</subfield></datafield><datafield ind1="1" ind2="7" tag="600"><subfield code="a">Médicis, Laurent de</subfield><subfield code="d">1449-1492</subfield><subfield code="0">(IDREF)028883683</subfield><subfield code="2">idref</subfield></datafield><datafield ind1="1" ind2="7" tag="600"><subfield code="a">Medici, Lorenzo de'</subfield><subfield code="c">il Magnifico</subfield><subfield code="2">idsbb</subfield></datafield><datafield ind1="1" ind2="7" tag="600"><subfield code="a">Medici, Lorenzino de'</subfield><subfield code="2">idszbz</subfield></datafield><datafield ind1="1" ind2="7" tag="600"><subfield code="a">Medici, Lorenzo &lt;&lt;de'&gt;&gt;</subfield><subfield code="d">1449-1492</subfield><subfield code="0">(DE-588)118574418</subfield><subfield code="2">gnd</subfield></datafield><datafield ind1="1" ind2="0" tag="600"><subfield code="a">Medici, Lorenzo de'</subfield><subfield code="d">1449-1492</subfield></datafield><datafield ind1=" " ind2="0" tag="650"><subfield code="a">Intellectuals</subfield><subfield code="z">Italy</subfield><subfield code="z">Florence</subfield><subfield code="v">Biography</subfield></datafield><datafield ind1=" " ind2="0" tag="650"><subfield code="a">Intellectuals</subfield><subfield code="z">Italy</subfield><subfield code="z">Florence</subfield><subfield code="x">Biography</subfield></datafield><datafield ind1=" " ind2="0" tag="650"><subfield code="a">Statesmen</subfield><subfield code="z">Italy</subfield><subfield code="z">Florence</subfield><subfield code="v">Biography</subfield></datafield><datafield ind1=" " ind2="0" tag="650"><subfield code="a">Statesmen</subfield><subfield code="z">Italy</subfield><subfield code="z">Florence</subfield><subfield code="x">Biography</subfield></datafield><datafield ind1=" " ind2="0" tag="651"><subfield code="a">Florence (Italy)</subfield><subfield code="x">History</subfield><subfield code="y">1421-1737</subfield></datafield><datafield ind1=" " ind2="7" tag="655"><subfield code="a">Biographie</subfield><subfield code="2">idszbz</subfield></datafield><datafield ind1=" " ind2=" " tag="691"><subfield code="e">945.5054092</subfield><subfield code="a">Storia. Toscana, 1434-1494. Persone</subfield><subfield code="2">usi-TE</subfield></datafield><datafield ind1=" " ind2=" " tag="830"><subfield code="a">Studi e testi</subfield><subfield code="v">34</subfield><subfield code="w">(IDSBB)000061753DSV01</subfield></datafield><datafield ind1=" " ind2=" " tag="900"><subfield code="a">REROnoselfmerge</subfield></datafield></record>
</metadata></record>