<record><header><identifier>oai:alma.41SLSP_UGE:991000775449705502</identifier><datestamp>2023-04-12T00:10:20Z</datestamp><setSpec>uge_bcen_RapidILL_BOOK</setSpec><setSpec>uge_aaca_RapidILL_BOOK</setSpec><setSpec>uge_abels_RapidILL_BOOK</setSpec><setSpec>uge_dbu_RapidILL_BOOK</setSpec><setSpec>uge_cmu_RapidILL_BOOK</setSpec><setSpec>uge_mail_RapidILL_BOOK</setSpec><setSpec>uge_abbat_RapidILL_BOOK</setSpec><setSpec>UNIGE_ALL</setSpec><setSpec>uge_acar_RapidILL_BOOK</setSpec><setSpec>uge_aobs_RapidILL_BOOK</setSpec></header><metadata>
<record xmlns="http://www.loc.gov/MARC21/slim" xmlns:xsi="http://www.w3.org/2001/XMLSchema-instance" xsi:schemaLocation="http://www.loc.gov/MARC21/slim http://www.loc.gov/standards/marcxml/schema/MARC21slim.xsd"><leader>02282nam a2200505 c 4500</leader><controlfield tag="001">991000775449705502</controlfield><controlfield tag="005">20230411213606.0</controlfield><controlfield tag="008">201011s2014    gw ||||| m||| 00| ||ger d</controlfield><datafield ind1="7" ind2=" " tag="016"><subfield code="a">1058757784</subfield><subfield code="2">GyFmDB</subfield></datafield><datafield ind1=" " ind2=" " tag="020"><subfield code="a">9783631652329</subfield><subfield code="q">hd.bd.</subfield></datafield><datafield ind1=" " ind2=" " tag="020"><subfield code="a">9783653048483</subfield><subfield code="q">online</subfield></datafield><datafield ind1=" " ind2=" " tag="035"><subfield code="a">(swissbib)216028981-41slsp_network</subfield></datafield><datafield ind1=" " ind2=" " tag="035"><subfield code="a">216028981</subfield><subfield code="9">ExL</subfield></datafield><datafield ind1=" " ind2=" " tag="035"><subfield code="a">(RERO)R008060385-41slsp</subfield></datafield><datafield ind1=" " ind2=" " tag="035"><subfield code="a">(IDSBB)006325514DSV01</subfield></datafield><datafield ind1=" " ind2=" " tag="035"><subfield code="a">(NEBIS)010344765EBI01</subfield></datafield><datafield ind1=" " ind2=" " tag="035"><subfield code="a">(OCoLC)893406652</subfield></datafield><datafield ind1=" " ind2=" " tag="035"><subfield code="a">(EXLNZ-41SLSP_NETWORK)991056029639705501</subfield></datafield><datafield ind1=" " ind2=" " tag="040"><subfield code="a">OHX</subfield><subfield code="d">CH-ZuSLS</subfield></datafield><datafield ind1=" " ind2=" " tag="050"><subfield code="a">PT2603.R397</subfield><subfield code="b">H44365 2014</subfield></datafield><datafield ind1=" " ind2="7" tag="072"><subfield code="a">al</subfield><subfield code="2">rero</subfield></datafield><datafield ind1=" " ind2="7" tag="072"><subfield code="a">nd</subfield><subfield code="2">SzZuIDS BS/BE</subfield></datafield><datafield ind1="1" ind2="4" tag="082"><subfield code="a">830</subfield><subfield code="2">15</subfield></datafield><datafield ind1="1" ind2=" " tag="100"><subfield code="a">Sparka, Marja-Liisa</subfield><subfield code="0">(IDREF)182648745</subfield><subfield code="4">cre</subfield></datafield><datafield ind1="1" ind2="0" tag="245"><subfield code="a">Herr Puntila und sein Knecht Matti</subfield><subfield code="b">die Entwicklung einer gemeinsamen Stückkonzeption und zahlreicher verschiedener Textderivate von Bertolt Brecht (Margarete Steffin) und Hella Wuolijoki</subfield><subfield code="c">Marja-Liisa Sparka</subfield></datafield><datafield ind1=" " ind2="1" tag="264"><subfield code="a">Frankfurt am Main</subfield><subfield code="b">Peter Lang Edition</subfield><subfield code="c">2014</subfield></datafield><datafield ind1=" " ind2=" " tag="300"><subfield code="a">xiii, 266 p.</subfield><subfield code="b">tab.</subfield></datafield><datafield ind1=" " ind2=" " tag="336"><subfield code="b">txt</subfield><subfield code="2">rdacontent</subfield></datafield><datafield ind1=" " ind2=" " tag="337"><subfield code="b">n</subfield><subfield code="2">rdamedia</subfield></datafield><datafield ind1=" " ind2=" " tag="338"><subfield code="b">nc</subfield><subfield code="2">rdacarrier</subfield></datafield><datafield ind1="1" ind2=" " tag="490"><subfield code="a">Hamburger Beiträge zur Germanistik</subfield><subfield code="v">Bd. 54</subfield></datafield><datafield ind1=" " ind2=" " tag="502"><subfield code="a">Zugl.: Hamburg, Univ., Diss., 2012</subfield></datafield><datafield ind1=" " ind2=" " tag="504"><subfield code="a">Includes bibliographical references and index</subfield></datafield><datafield ind1="1" ind2="7" tag="600"><subfield code="a">Brecht, Bertolt.</subfield><subfield code="t">Herr Puntila und sein Knecht Matti - genèse</subfield><subfield code="0">(RERO)A010056864</subfield><subfield code="2">rero</subfield></datafield><datafield ind1="1" ind2="7" tag="600"><subfield code="a">Brecht, Bertolt</subfield><subfield code="d">1898-1956</subfield><subfield code="t">Herr Puntila und sein Knecht Matti</subfield><subfield code="0">(DE-588)4132897-8</subfield><subfield code="2">gnd</subfield></datafield><datafield ind1="1" ind2="0" tag="600"><subfield code="a">Brecht, Bertolt</subfield><subfield code="d">1898-1956</subfield><subfield code="t">Herr Puntila und sein Knecht Matti</subfield></datafield><datafield ind1="1" ind2="0" tag="600"><subfield code="a">Brecht, Bertolt</subfield><subfield code="d">1898-1956</subfield><subfield code="t">Herr Puntila und sein Knecht Matti</subfield><subfield code="x">Appreciation</subfield><subfield code="z">Finland</subfield></datafield><datafield ind1="1" ind2="0" tag="600"><subfield code="a">Wuolijoki, Hella</subfield><subfield code="d">1886-1954</subfield></datafield><datafield ind1="1" ind2="0" tag="600"><subfield code="a">Steffin, Margarete</subfield></datafield><datafield ind1=" " ind2="7" tag="650"><subfield code="a">Textgenese</subfield><subfield code="0">(DE-588)4530020-3</subfield><subfield code="2">gnd</subfield></datafield><datafield ind1=" " ind2="0" tag="650"><subfield code="a">German drama</subfield><subfield code="y">20th century</subfield><subfield code="x">History and criticism</subfield></datafield><datafield ind1=" " ind2="7" tag="655"><subfield code="a">Hochschulschrift</subfield><subfield code="2">gnd-content</subfield></datafield><datafield ind1="4" ind2=" " tag="856"><subfield code="3">Titelblatt und Inhaltsverzeichnis</subfield><subfield code="u">https://toc.library.ethz.ch/objects/pdf03/z01_978-3-631-65232-9_01.pdf</subfield><subfield code="q">pdf</subfield></datafield><datafield ind1=" " ind2="0" tag="830"><subfield code="a">Hamburger Beiträge zur Germanistik</subfield><subfield code="v">54</subfield><subfield code="w">(RERO)0911291-41slsp</subfield></datafield><datafield ind1=" " ind2=" " tag="900"><subfield code="a">IDSZ2zbzmon201502f</subfield><subfield code="c">IDSZ2dome</subfield><subfield code="d">IDSZ2zbzswk201502b</subfield><subfield code="e">IDSZ2trun</subfield></datafield><datafield ind1=" " ind2=" " tag="949"><subfield code="a">https://toc.library.ethz.ch/objects/pdf03/z01_978-3-631-65232-9_01.pdf</subfield></datafield></record>
</metadata></record>