<record><header><identifier>oai:alma.41SLSP_UGE:991000786449705502</identifier><datestamp>2024-09-13T00:21:15Z</datestamp><setSpec>uge_bcen_RapidILL_BOOK</setSpec><setSpec>uge_aaca_RapidILL_BOOK</setSpec><setSpec>uge_abels_RapidILL_BOOK</setSpec><setSpec>uge_dbu_RapidILL_BOOK</setSpec><setSpec>uge_cmu_RapidILL_BOOK</setSpec><setSpec>uge_mail_RapidILL_BOOK</setSpec><setSpec>uge_abbat_RapidILL_BOOK</setSpec><setSpec>UNIGE_ALL</setSpec><setSpec>uge_acar_RapidILL_BOOK</setSpec><setSpec>uge_aobs_RapidILL_BOOK</setSpec></header><metadata>
<record xmlns="http://www.loc.gov/MARC21/slim" xmlns:xsi="http://www.w3.org/2001/XMLSchema-instance" xsi:schemaLocation="http://www.loc.gov/MARC21/slim http://www.loc.gov/standards/marcxml/schema/MARC21slim.xsd"><leader>01658nam a2200397uc 4500</leader><controlfield tag="001">991000786449705502</controlfield><controlfield tag="005">20240912203326.0</controlfield><controlfield tag="008">201011s1982    gw ||||| |||| 00| ||lat d</controlfield><datafield ind1=" " ind2=" " tag="020"><subfield code="a">3110065177</subfield></datafield><datafield ind1="7" ind2=" " tag="024"><subfield code="a">http://catalogue.bnf.fr/ark:/12148/cb34800172f</subfield><subfield code="2">uri</subfield></datafield><datafield ind1=" " ind2=" " tag="035"><subfield code="a">(swissbib)214993183-41slsp_network</subfield></datafield><datafield ind1=" " ind2=" " tag="035"><subfield code="a">214993183</subfield><subfield code="9">ExL</subfield></datafield><datafield ind1=" " ind2=" " tag="035"><subfield code="a">(IDSBB)000018477DSV01</subfield></datafield><datafield ind1=" " ind2=" " tag="035"><subfield code="a">(RERO)0703970-41slsp</subfield></datafield><datafield ind1=" " ind2=" " tag="035"><subfield code="a">(EXLNZ-41SLSP_NETWORK)991105640389705501</subfield></datafield><datafield ind1=" " ind2=" " tag="040"><subfield code="a">SzZuIDS BS/BE</subfield><subfield code="b">ger</subfield><subfield code="e">kids</subfield><subfield code="d">CH-ZuSLS</subfield></datafield><datafield ind1=" " ind2=" " tag="044"><subfield code="a">gw</subfield><subfield code="a">xxu</subfield></datafield><datafield ind1=" " ind2="7" tag="072"><subfield code="a">th</subfield><subfield code="2">SzZuIDS BS/BE</subfield></datafield><datafield ind1=" " ind2="7" tag="072"><subfield code="a">th</subfield><subfield code="2">rero</subfield></datafield><datafield ind1=" " ind2=" " tag="084"><subfield code="a">CE 1095</subfield><subfield code="2">rvk</subfield></datafield><datafield ind1="0" ind2=" " tag="100"><subfield code="a">Gregorius</subfield><subfield code="c">Ariminensis</subfield><subfield code="0">(RERO)A000074306</subfield><subfield code="4">cre</subfield></datafield><datafield ind1="1" ind2="0" tag="245"><subfield code="a">Super primum, (Dist 7-17)</subfield><subfield code="c">elaboraverunt: Venicio Marcolino ... [et al.]</subfield></datafield><datafield ind1=" " ind2="1" tag="264"><subfield code="a">Berlin</subfield><subfield code="a">New York (N.Y.)</subfield><subfield code="b">Walter de Gruyter</subfield><subfield code="c">1982</subfield></datafield><datafield ind1=" " ind2=" " tag="300"><subfield code="a">VI, 491 S.</subfield><subfield code="c">24 cm</subfield></datafield><datafield ind1=" " ind2=" " tag="336"><subfield code="b">txt</subfield><subfield code="2">rdacontent</subfield></datafield><datafield ind1=" " ind2=" " tag="337"><subfield code="b">n</subfield><subfield code="2">rdamedia</subfield></datafield><datafield ind1=" " ind2=" " tag="338"><subfield code="b">nc</subfield><subfield code="2">rdacarrier</subfield></datafield><datafield ind1="1" ind2=" " tag="490"><subfield code="a">Lectura super primum et secundum sententiarum / Gregorius (de Arimino)</subfield><subfield code="v">T. 2</subfield></datafield><datafield ind1="1" ind2=" " tag="490"><subfield code="a">Spätmittelalter und Reformation</subfield><subfield code="v">Bd. 7</subfield></datafield><datafield ind1=" " ind2=" " tag="500"><subfield code="a">Vorwort in deutsch</subfield></datafield><datafield ind1="1" ind2=" " tag="700"><subfield code="a">Marcolino, Venício</subfield><subfield code="d">1936-....</subfield><subfield code="0">(IDREF)028420136</subfield></datafield><datafield ind1="0" ind2="2" tag="700"><subfield code="a">Gregorius</subfield><subfield code="c">Ariminensis</subfield><subfield code="t">Lectura super primum et secundum Sententiarum</subfield></datafield><datafield ind1="1" ind2=" " tag="700"><subfield code="a">Marcolino, Venício</subfield><subfield code="d">1936-</subfield><subfield code="0">(DE-588)112546903X</subfield></datafield><datafield ind1="0" ind2=" " tag="800"><subfield code="a">Gregorius</subfield><subfield code="c">de Arimino</subfield><subfield code="d">1305-1358</subfield><subfield code="t">Lectura super primum et secundum sententiarum</subfield><subfield code="v">2</subfield><subfield code="w">(IDSBB)000016812DSV01</subfield></datafield><datafield ind1=" " ind2=" " tag="830"><subfield code="a">Spätmittelalter und Reformation</subfield><subfield code="v">7</subfield><subfield code="w">(RERO)0238845-41slsp</subfield></datafield><datafield ind1="0" ind2=" " tag="800"><subfield code="a">Gregorius</subfield><subfield code="c">Ariminensis</subfield><subfield code="t">Gregorii Ariminensis OESA Lectura super primum et secundum Sententiarum</subfield><subfield code="v">2</subfield><subfield code="w">(RERO)0703960-41slsp</subfield></datafield><datafield ind1=" " ind2=" " tag="900"><subfield code="a">REROnoselfmerge</subfield></datafield><datafield ind1=" " ind2=" " tag="993"><subfield code="a">IHR M 7/2</subfield><subfield code="x">ge/uihr/w</subfield><subfield code="9">LOCAL</subfield></datafield></record>
</metadata></record>