<record><header><identifier>oai:alma.41SLSP_UGE:991000786739705502</identifier><datestamp>2024-10-05T00:14:45Z</datestamp><setSpec>uge_bcen_RapidILL_BOOK</setSpec><setSpec>uge_aaca_RapidILL_BOOK</setSpec><setSpec>uge_abels_RapidILL_BOOK</setSpec><setSpec>uge_dbu_RapidILL_BOOK</setSpec><setSpec>uge_cmu_RapidILL_BOOK</setSpec><setSpec>uge_mail_RapidILL_BOOK</setSpec><setSpec>uge_abbat_RapidILL_BOOK</setSpec><setSpec>UNIGE_ALL</setSpec><setSpec>uge_acar_RapidILL_BOOK</setSpec><setSpec>uge_aobs_RapidILL_BOOK</setSpec></header><metadata>
<record xmlns="http://www.loc.gov/MARC21/slim" xmlns:xsi="http://www.w3.org/2001/XMLSchema-instance" xsi:schemaLocation="http://www.loc.gov/MARC21/slim http://www.loc.gov/standards/marcxml/schema/MARC21slim.xsd"><leader>01251nam a22003612c 4500</leader><controlfield tag="001">991000786739705502</controlfield><controlfield tag="005">20241004181240.0</controlfield><controlfield tag="008">201012s1965    rm ||||| |||| 00| ||rum d</controlfield><datafield ind1="7" ind2=" " tag="024"><subfield code="a">http://catalogue.bnf.fr/ark:/12148/cb32964962f</subfield><subfield code="2">uri</subfield></datafield><datafield ind1=" " ind2=" " tag="035"><subfield code="a">(swissbib)239440684-41slsp_network</subfield></datafield><datafield ind1=" " ind2=" " tag="035"><subfield code="a">239440684</subfield><subfield code="9">ExL</subfield></datafield><datafield ind1=" " ind2=" " tag="035"><subfield code="a">(RERO)R003259228-41slsp</subfield></datafield><datafield ind1=" " ind2=" " tag="035"><subfield code="a">(NEBIS)007732721EBI01</subfield></datafield><datafield ind1=" " ind2=" " tag="035"><subfield code="a">(IDSBB)000204617DSV01</subfield></datafield><datafield ind1=" " ind2=" " tag="035"><subfield code="a">(EXLNZ-41SLSP_NETWORK)991056894019705501</subfield></datafield><datafield ind1=" " ind2=" " tag="040"><subfield code="a">RERO gevbpu</subfield><subfield code="d">CH-ZuSLS</subfield></datafield><datafield ind1=" " ind2="7" tag="072"><subfield code="a">mu</subfield><subfield code="2">rero</subfield></datafield><datafield ind1=" " ind2="7" tag="072"><subfield code="a">mu</subfield><subfield code="2">SzZuIDS BS/BE</subfield></datafield><datafield ind1="1" ind2="4" tag="082"><subfield code="a">780</subfield><subfield code="2">15</subfield></datafield><datafield ind1="0" ind2="0" tag="245"><subfield code="a">Compozitori şi muzicologi români</subfield><subfield code="b">mic lexicon</subfield><subfield code="c">sub redacţia lui Viorel Cosma</subfield></datafield><datafield ind1=" " ind2="1" tag="264"><subfield code="a">Bucureşti</subfield><subfield code="b">Ed. muzicală a Uniunii compozitorilor din R.P.R.</subfield><subfield code="c">1965</subfield></datafield><datafield ind1=" " ind2=" " tag="300"><subfield code="a">1 vol.</subfield><subfield code="b">ill.</subfield><subfield code="c">8°</subfield></datafield><datafield ind1=" " ind2=" " tag="336"><subfield code="b">txt</subfield><subfield code="2">rdacontent</subfield></datafield><datafield ind1=" " ind2=" " tag="337"><subfield code="b">n</subfield><subfield code="2">rdamedia</subfield></datafield><datafield ind1=" " ind2=" " tag="338"><subfield code="b">nc</subfield><subfield code="2">rdacarrier</subfield></datafield><datafield ind1=" " ind2="7" tag="655"><subfield code="a">Biografie</subfield><subfield code="2">gnd-content</subfield></datafield><datafield ind1=" " ind2=" " tag="690"><subfield code="a">Rumänisch : Kulturgeschichte : 20. Jahrhundert</subfield><subfield code="2">uzb-VH</subfield></datafield><datafield ind1=" " ind2=" " tag="690"><subfield code="a">Musikgeschichte : 20. Jahrhundert</subfield><subfield code="2">uzb-VH</subfield></datafield><datafield ind1=" " ind2=" " tag="690"><subfield code="a">Rumänien</subfield><subfield code="2">uzb-UV</subfield></datafield><datafield ind1=" " ind2=" " tag="690"><subfield code="a">Komponist</subfield><subfield code="2">uzb-UV</subfield></datafield><datafield ind1=" " ind2=" " tag="690"><subfield code="a">Musikwissenschaft</subfield><subfield code="2">uzb-UV</subfield></datafield><datafield ind1=" " ind2=" " tag="690"><subfield code="a">Lexikon</subfield><subfield code="2">uzb-UV</subfield></datafield><datafield ind1="1" ind2=" " tag="700"><subfield code="a">Cosma, Viorel</subfield><subfield code="d">19..-....</subfield><subfield code="0">(IDREF)06161971X</subfield></datafield><datafield ind1=" " ind2=" " tag="900"><subfield code="a">REROnoselfmerge</subfield></datafield></record>
</metadata></record>