<record><header><identifier>oai:alma.41SLSP_UGE:991000786949705502</identifier><datestamp>2024-06-08T00:10:27Z</datestamp><setSpec>uge_bcen_RapidILL_BOOK</setSpec><setSpec>uge_aaca_RapidILL_BOOK</setSpec><setSpec>uge_abels_RapidILL_BOOK</setSpec><setSpec>uge_dbu_RapidILL_BOOK</setSpec><setSpec>uge_cmu_RapidILL_BOOK</setSpec><setSpec>uge_mail_RapidILL_BOOK</setSpec><setSpec>uge_abbat_RapidILL_BOOK</setSpec><setSpec>UNIGE_ALL</setSpec><setSpec>uge_acar_RapidILL_BOOK</setSpec><setSpec>uge_aobs_RapidILL_BOOK</setSpec></header><metadata>
<record xmlns="http://www.loc.gov/MARC21/slim" xmlns:xsi="http://www.w3.org/2001/XMLSchema-instance" xsi:schemaLocation="http://www.loc.gov/MARC21/slim http://www.loc.gov/standards/marcxml/schema/MARC21slim.xsd"><leader>01664naa a2200373 c 4500</leader><controlfield tag="001">991000786949705502</controlfield><controlfield tag="005">20240605091819.0</controlfield><controlfield tag="008">000829s1997    sz ||||| |||| 00| ||fre d</controlfield><datafield ind1=" " ind2=" " tag="035"><subfield code="a">(swissbib)092203760-41slsp_network</subfield></datafield><datafield ind1=" " ind2=" " tag="035"><subfield code="a">092203760</subfield><subfield code="9">ExL</subfield></datafield><datafield ind1=" " ind2=" " tag="035"><subfield code="a">(RERO)R214818160-41slsp</subfield></datafield><datafield ind1=" " ind2=" " tag="035"><subfield code="a">(ALEX)bv00581400</subfield></datafield><datafield ind1=" " ind2=" " tag="035"><subfield code="a">(EXLNZ-41SLSP_NETWORK)991097892009705501</subfield></datafield><datafield ind1=" " ind2=" " tag="040"><subfield code="a">RERO frbcuc</subfield><subfield code="d">CH-ZuSLS</subfield></datafield><datafield ind1=" " ind2=" " tag="044"><subfield code="a">sz</subfield><subfield code="c">ch-ge</subfield></datafield><datafield ind1=" " ind2="7" tag="072"><subfield code="a">dr</subfield><subfield code="2">rero</subfield></datafield><datafield ind1=" " ind2=" " tag="084"><subfield code="a">CA/CH-GE 25 i</subfield><subfield code="2">cjurrom</subfield></datafield><datafield ind1="1" ind2=" " tag="100"><subfield code="a">Stickel, Gilles</subfield><subfield code="d">19..-2024</subfield><subfield code="0">(IDREF)274752344</subfield><subfield code="4">aut</subfield></datafield><datafield ind1="1" ind2="0" tag="245"><subfield code="a">&lt;&lt;La&gt;&gt; jurisprudence de la Commission du barreau</subfield><subfield code="c">par Gilles Stickel</subfield></datafield><datafield ind1=" " ind2=" " tag="336"><subfield code="b">txt</subfield><subfield code="2">rdacontent</subfield></datafield><datafield ind1=" " ind2=" " tag="337"><subfield code="b">n</subfield><subfield code="2">rdamedia</subfield></datafield><datafield ind1=" " ind2=" " tag="338"><subfield code="b">nc</subfield><subfield code="2">rdacarrier</subfield></datafield><datafield ind1=" " ind2=" " tag="580"><subfield code="a">In: La semaine judiciaire. - Genève. - Année 119(1997), no 17, p. 313-324</subfield></datafield><datafield ind1="2" ind2="7" tag="610"><subfield code="a">Genève (Suisse, canton)</subfield><subfield code="b">Commission du Barreau</subfield><subfield code="0">(RERO)A010087841</subfield><subfield code="2">rero</subfield></datafield><datafield ind1=" " ind2="7" tag="650"><subfield code="a">Rechtsanwalt</subfield><subfield code="9">ger</subfield><subfield code="0">(RERO)jurivoc000018312ger</subfield><subfield code="2">jurivoc</subfield></datafield><datafield ind1=" " ind2="7" tag="650"><subfield code="a">Gerichts- und Verwaltungspraxis</subfield><subfield code="9">ger</subfield><subfield code="0">(RERO)jurivoc000009624ger</subfield><subfield code="2">jurivoc</subfield></datafield><datafield ind1=" " ind2="7" tag="650"><subfield code="a">richterliche Behörde</subfield><subfield code="9">ger</subfield><subfield code="0">(RERO)jurivoc000018932ger</subfield><subfield code="2">jurivoc</subfield></datafield><datafield ind1=" " ind2="7" tag="650"><subfield code="a">kantonale Behörde</subfield><subfield code="9">ger</subfield><subfield code="0">(RERO)jurivoc000012350ger</subfield><subfield code="2">jurivoc</subfield></datafield><datafield ind1=" " ind2="7" tag="650"><subfield code="a">droit professionnel</subfield><subfield code="0">(RERO)A009976586</subfield><subfield code="2">rerovoc</subfield></datafield><datafield ind1=" " ind2="7" tag="650"><subfield code="a">Jurisprudence</subfield><subfield code="0">(IDREF)02847094X</subfield><subfield code="2">idref</subfield></datafield><datafield ind1=" " ind2="7" tag="650"><subfield code="a">Avocats</subfield><subfield code="0">(IDREF)027281000</subfield><subfield code="2">idref</subfield></datafield><datafield ind1=" " ind2="7" tag="651"><subfield code="a">Schweiz</subfield><subfield code="9">ger</subfield><subfield code="0">(RERO)jurivoc000019912ger</subfield><subfield code="2">jurivoc</subfield></datafield><datafield ind1=" " ind2="7" tag="651"><subfield code="a">Genf(Kanton)</subfield><subfield code="9">ger</subfield><subfield code="0">(RERO)jurivoc000009538ger</subfield><subfield code="2">jurivoc</subfield></datafield><datafield ind1=" " ind2="7" tag="655"><subfield code="a">Entscheidsammlung</subfield><subfield code="9">ger</subfield><subfield code="2">jurivoc</subfield><subfield code="0">(RERO)jurivoc000006982ger</subfield></datafield><datafield ind1="0" ind2=" " tag="773"><subfield code="t">Semaine judiciaire : journal des tribunaux : [jurisprudence suisse et étrangère]</subfield><subfield code="g">1997/313</subfield><subfield code="g">yr:1997</subfield><subfield code="w">(RERO)0068923-41slsp</subfield></datafield></record>
</metadata></record>