<record><header><identifier>oai:alma.41SLSP_UGE:991000786749705502</identifier><datestamp>2023-03-01T01:09:35Z</datestamp><setSpec>uge_bcen_RapidILL_BOOK</setSpec><setSpec>uge_aaca_RapidILL_BOOK</setSpec><setSpec>uge_abels_RapidILL_BOOK</setSpec><setSpec>uge_dbu_RapidILL_BOOK</setSpec><setSpec>uge_cmu_RapidILL_BOOK</setSpec><setSpec>uge_mail_RapidILL_BOOK</setSpec><setSpec>UNIGE_ALL</setSpec><setSpec>uge_abbat_RapidILL_BOOK</setSpec><setSpec>uge_aobs_RapidILL_BOOK</setSpec><setSpec>uge_acar_RapidILL_BOOK</setSpec></header><metadata>
<record xmlns="http://www.loc.gov/MARC21/slim" xmlns:xsi="http://www.w3.org/2001/XMLSchema-instance" xsi:schemaLocation="http://www.loc.gov/MARC21/slim http://www.loc.gov/standards/marcxml/schema/MARC21slim.xsd"><leader>01194nam a2200349 c 4500</leader><controlfield tag="001">991000786749705502</controlfield><controlfield tag="005">20210206194143.0</controlfield><controlfield tag="008">201012s1990    gw ||||| |||| 00| ||eng d</controlfield><datafield ind1=" " ind2=" " tag="020"><subfield code="a">0865773734</subfield><subfield code="q">New York</subfield></datafield><datafield ind1=" " ind2=" " tag="020"><subfield code="a">3135009041</subfield><subfield code="q">Stuttgart</subfield></datafield><datafield ind1=" " ind2=" " tag="035"><subfield code="a">(swissbib)237106108-41slsp_network</subfield></datafield><datafield ind1=" " ind2=" " tag="035"><subfield code="a">237106108</subfield><subfield code="9">ExL</subfield></datafield><datafield ind1=" " ind2=" " tag="035"><subfield code="a">(RERO)1294188-41slsp</subfield></datafield><datafield ind1=" " ind2=" " tag="035"><subfield code="a">(NEBIS)007717251EBI01</subfield></datafield><datafield ind1=" " ind2=" " tag="035"><subfield code="a">(EXLNZ-41SLSP_NETWORK)991063747559705501</subfield></datafield><datafield ind1=" " ind2=" " tag="040"><subfield code="a">RERO geucmu</subfield><subfield code="d">CH-ZuSLS</subfield></datafield><datafield ind1="1" ind2=" " tag="041"><subfield code="a">eng</subfield><subfield code="h">ger</subfield></datafield><datafield ind1=" " ind2="7" tag="072"><subfield code="a">me</subfield><subfield code="2">rero</subfield></datafield><datafield ind1="1" ind2=" " tag="100"><subfield code="a">Frick, Paul</subfield><subfield code="0">(IDREF)135309816</subfield><subfield code="4">cre</subfield></datafield><datafield ind1="1" ind2="0" tag="245"><subfield code="a">Blood and bone marrow morphology, blood coagulation</subfield><subfield code="b">a manual</subfield><subfield code="c">by Paul Frick ; transl. by E.M. Gillis</subfield></datafield><datafield ind1=" " ind2=" " tag="250"><subfield code="a">4th rev. ed.</subfield></datafield><datafield ind1=" " ind2="1" tag="264"><subfield code="a">Stuttgart</subfield><subfield code="a">New York</subfield><subfield code="b">Thieme</subfield><subfield code="c">1990</subfield></datafield><datafield ind1=" " ind2=" " tag="300"><subfield code="a">VIII, 63 p.</subfield><subfield code="b">ill.</subfield><subfield code="c">23 cm</subfield></datafield><datafield ind1=" " ind2=" " tag="336"><subfield code="b">txt</subfield><subfield code="2">rdacontent</subfield></datafield><datafield ind1=" " ind2=" " tag="337"><subfield code="b">n</subfield><subfield code="2">rdamedia</subfield></datafield><datafield ind1=" " ind2=" " tag="338"><subfield code="b">nc</subfield><subfield code="2">rdacarrier</subfield></datafield><datafield ind1=" " ind2=" " tag="500"><subfield code="a">Originaltitel: Blut- und Knochenmarksmorphologie, Blutgerinnung</subfield></datafield><datafield ind1=" " ind2="2" tag="650"><subfield code="a">Hematologic Diseases</subfield><subfield code="x">diagnosis</subfield></datafield><datafield ind1=" " ind2="2" tag="650"><subfield code="a">Hematologic Diseases</subfield><subfield code="x">diagnosis</subfield><subfield code="0">(DNLM)D006402Q000175</subfield></datafield><datafield ind1=" " ind2="2" tag="650"><subfield code="a">Hematology</subfield><subfield code="0">(DNLM)D006405</subfield></datafield><datafield ind1=" " ind2="2" tag="655"><subfield code="a">Laboratory Manual</subfield></datafield><datafield ind1=" " ind2="2" tag="655"><subfield code="a">Laboratory Manual</subfield><subfield code="0">(DNLM)D020484</subfield></datafield><datafield ind1=" " ind2=" " tag="900"><subfield code="a">REROnoselfmerge</subfield></datafield></record>
</metadata></record>