<record><header><identifier>oai:alma.41SLSP_UGE:991000786539705502</identifier><datestamp>2024-09-28T00:27:20Z</datestamp><setSpec>uge_bcen_RapidILL_BOOK</setSpec><setSpec>uge_aaca_RapidILL_BOOK</setSpec><setSpec>uge_abels_RapidILL_BOOK</setSpec><setSpec>uge_dbu_RapidILL_BOOK</setSpec><setSpec>uge_cmu_RapidILL_BOOK</setSpec><setSpec>uge_mail_RapidILL_BOOK</setSpec><setSpec>uge_abbat_RapidILL_BOOK</setSpec><setSpec>UNIGE_ALL</setSpec><setSpec>uge_aobs_RapidILL_BOOK</setSpec><setSpec>uge_acar_RapidILL_BOOK</setSpec></header><metadata>
<record xmlns="http://www.loc.gov/MARC21/slim" xmlns:xsi="http://www.w3.org/2001/XMLSchema-instance" xsi:schemaLocation="http://www.loc.gov/MARC21/slim http://www.loc.gov/standards/marcxml/schema/MARC21slim.xsd"><leader>02723nam a2200625 c 4500</leader><controlfield tag="001">991000786539705502</controlfield><controlfield tag="005">20240927125411.0</controlfield><controlfield tag="008">201012s2005    xxu||||| |||| 00| ||eng d</controlfield><datafield ind1=" " ind2=" " tag="035"><subfield code="a">(swissbib)242836992-41slsp_network</subfield></datafield><datafield ind1=" " ind2=" " tag="035"><subfield code="a">242836992</subfield><subfield code="9">ExL</subfield></datafield><datafield ind1=" " ind2=" " tag="035"><subfield code="a">(RERO)R003929181-41slsp</subfield></datafield><datafield ind1=" " ind2=" " tag="035"><subfield code="a">(NEBIS)005037324EBI01</subfield></datafield><datafield ind1=" " ind2=" " tag="035"><subfield code="a">(IDSBB)003684503DSV01</subfield></datafield><datafield ind1=" " ind2=" " tag="035"><subfield code="a">(EXLNZ-41SLSP_NETWORK)991115215419705501</subfield></datafield><datafield ind1=" " ind2=" " tag="040"><subfield code="a">RERO geufpe</subfield><subfield code="d">CH-ZuSLS</subfield></datafield><datafield ind1=" " ind2="7" tag="072"><subfield code="a">ps</subfield><subfield code="2">rero</subfield></datafield><datafield ind1=" " ind2="7" tag="072"><subfield code="a">sz</subfield><subfield code="2">SzZuIDS BS/BE</subfield></datafield><datafield ind1="0" ind2="4" tag="082"><subfield code="a">156</subfield><subfield code="2">22</subfield></datafield><datafield ind1="0" ind2="4" tag="082"><subfield code="a">599.8</subfield><subfield code="2">DDCbio01</subfield></datafield><datafield ind1="1" ind2="4" tag="082"><subfield code="a">156.3</subfield><subfield code="2">22</subfield></datafield><datafield ind1="1" ind2="4" tag="082"><subfield code="a">150</subfield><subfield code="2">15</subfield></datafield><datafield ind1="1" ind2="4" tag="082"><subfield code="a">300</subfield><subfield code="2">15</subfield></datafield><datafield ind1="1" ind2=" " tag="100"><subfield code="a">Tomasello, Michael</subfield><subfield code="d">1950-</subfield><subfield code="0">(DE-588)124502679</subfield><subfield code="6">880-01</subfield></datafield><datafield ind1="1" ind2=" " tag="880"><subfield code="6">100-01</subfield><subfield code="a">Tomasello, Michael</subfield><subfield code="d">1950-....</subfield><subfield code="0">(IDREF)03243961X</subfield><subfield code="4">cre</subfield></datafield><datafield ind1="1" ind2="0" tag="245"><subfield code="a">&lt;&lt;The&gt;&gt; emergence of social cognition in three young chimpanzees</subfield><subfield code="c">Michael Tomasello, Malinda Carpenter ; with comment. by R. Peter Hobson</subfield></datafield><datafield ind1=" " ind2="1" tag="264"><subfield code="a">Malden MA</subfield><subfield code="b">Blackwell Publ.</subfield><subfield code="c">2005</subfield></datafield><datafield ind1=" " ind2=" " tag="300"><subfield code="a">VII, 155 p.</subfield><subfield code="b">ill.</subfield><subfield code="c">23 cm</subfield></datafield><datafield ind1=" " ind2=" " tag="336"><subfield code="b">txt</subfield><subfield code="2">rdacontent</subfield></datafield><datafield ind1=" " ind2=" " tag="337"><subfield code="b">n</subfield><subfield code="2">rdamedia</subfield></datafield><datafield ind1=" " ind2=" " tag="338"><subfield code="b">nc</subfield><subfield code="2">rdacarrier</subfield></datafield><datafield ind1="1" ind2=" " tag="490"><subfield code="a">Monographs of the Society for Research in Child Development</subfield><subfield code="v">vol. 70, no. 1 = no. 279, 2005</subfield></datafield><datafield ind1="0" ind2=" " tag="505"><subfield code="a">CONTENTS - The emergence of social cognition : a longitudinal study - Understanding intentional action - Understanding perception and attention - Joint intentions and attention - General discussion - References</subfield></datafield><datafield ind1="0" ind2=" " tag="505"><subfield code="a">COMMENTARY - Social engagement and understanding in chimpanzees and humans</subfield></datafield><datafield ind1=" " ind2="7" tag="650"><subfield code="a">Chimpanzés</subfield><subfield code="0">(IDREF)027799506</subfield><subfield code="2">idref</subfield></datafield><datafield ind1=" " ind2="7" tag="650"><subfield code="a">Perception sociale</subfield><subfield code="0">(IDREF)050592351</subfield><subfield code="2">idref</subfield></datafield><datafield ind1=" " ind2="7" tag="650"><subfield code="a">Schimpanse</subfield><subfield code="2">idszbz</subfield></datafield><datafield ind1=" " ind2="7" tag="650"><subfield code="a">Sozialverhalten</subfield><subfield code="2">idszbz</subfield></datafield><datafield ind1=" " ind2="7" tag="650"><subfield code="a">Schimpanse</subfield><subfield code="0">(DE-588)4179632-9</subfield><subfield code="2">gnd</subfield></datafield><datafield ind1=" " ind2="7" tag="650"><subfield code="a">Soziale Wahrnehmung</subfield><subfield code="0">(DE-588)4055740-6</subfield><subfield code="2">gnd</subfield></datafield><datafield ind1=" " ind2="0" tag="650"><subfield code="a">Chimpanzees</subfield><subfield code="x">Behavior</subfield></datafield><datafield ind1=" " ind2="0" tag="650"><subfield code="a">Chimpanzees</subfield><subfield code="x">Psychology</subfield></datafield><datafield ind1=" " ind2="0" tag="650"><subfield code="a">Cognition in animals</subfield></datafield><datafield ind1=" " ind2="0" tag="650"><subfield code="a">Learning in animals</subfield></datafield><datafield ind1=" " ind2="0" tag="650"><subfield code="a">Perception in animals</subfield></datafield><datafield ind1=" " ind2="0" tag="650"><subfield code="a">Social behavior in animals</subfield></datafield><datafield ind1=" " ind2="0" tag="650"><subfield code="a">Social perception</subfield></datafield><datafield ind1="1" ind2=" " tag="700"><subfield code="a">Hobson, R. Peter</subfield><subfield code="d">1949-</subfield><subfield code="0">(DE-588)128651377</subfield><subfield code="6">880-02</subfield></datafield><datafield ind1="1" ind2=" " tag="880"><subfield code="6">700-02</subfield><subfield code="a">Hobson, R. Peter</subfield><subfield code="0">(IDREF)033220174</subfield></datafield><datafield ind1="1" ind2=" " tag="700"><subfield code="a">Carpenter, Malinda</subfield><subfield code="0">(IDREF)092633161</subfield></datafield><datafield ind1="4" ind2=" " tag="856"><subfield code="3">Inhaltsverzeichnis</subfield><subfield code="u">http://www.ub.unibas.ch/tox/IDSBB/003684503/PDF</subfield><subfield code="q">pdf</subfield></datafield><datafield ind1=" " ind2=" " tag="830"><subfield code="a">Monographs of the Society for Research in Child Development</subfield><subfield code="v">279</subfield><subfield code="w">(IDSBB)000017150DSV01</subfield></datafield><datafield ind1=" " ind2=" " tag="830"><subfield code="a">Monographs of the Society for Research in Child Development</subfield><subfield code="v">279</subfield><subfield code="w">(NEBIS)000975022EBI01</subfield></datafield><datafield ind1=" " ind2=" " tag="900"><subfield code="a">REROnoselfmerge</subfield></datafield><datafield ind1=" " ind2=" " tag="900"><subfield code="a">IDSZ2zbzmon200509e</subfield><subfield code="c">IDSZ2frit</subfield><subfield code="d">IDSZ2zbzswk200512b</subfield><subfield code="e">IDSZ2wart</subfield></datafield><datafield ind1=" " ind2=" " tag="900"><subfield code="a">IDSDSStoppsignal FRED</subfield></datafield><datafield ind1=" " ind2=" " tag="949"><subfield code="a">http://www.ub.unibas.ch/tox/IDSBB/003684503/PDF</subfield></datafield></record>
</metadata></record>