<record><header><identifier>oai:alma.41SLSP_UGE:991000786469705502</identifier><datestamp>2023-04-11T00:11:19Z</datestamp><setSpec>uge_bcen_RapidILL_BOOK</setSpec><setSpec>uge_aaca_RapidILL_BOOK</setSpec><setSpec>uge_abels_RapidILL_BOOK</setSpec><setSpec>uge_dbu_RapidILL_BOOK</setSpec><setSpec>uge_cmu_RapidILL_BOOK</setSpec><setSpec>uge_mail_RapidILL_BOOK</setSpec><setSpec>uge_abbat_RapidILL_BOOK</setSpec><setSpec>UNIGE_ALL</setSpec><setSpec>uge_acar_RapidILL_BOOK</setSpec><setSpec>uge_aobs_RapidILL_BOOK</setSpec></header><metadata>
<record xmlns="http://www.loc.gov/MARC21/slim" xmlns:xsi="http://www.w3.org/2001/XMLSchema-instance" xsi:schemaLocation="http://www.loc.gov/MARC21/slim http://www.loc.gov/standards/marcxml/schema/MARC21slim.xsd"><leader>03931nam a2200925 c 4500</leader><controlfield tag="001">991000786469705502</controlfield><controlfield tag="005">20230410130449.0</controlfield><controlfield tag="008">201011t19881988gw ||||| |||| 00| ||eng d</controlfield><datafield ind1=" " ind2=" " tag="019"><subfield code="a">Vollständige Namen der Editoren: Mario Markus, Stefan C. Müller, Grégoire Nicolis</subfield></datafield><datafield ind1=" " ind2=" " tag="020"><subfield code="a">3540192646</subfield><subfield code="q">Berlin</subfield></datafield><datafield ind1=" " ind2=" " tag="020"><subfield code="a">0387192646</subfield><subfield code="q">New York</subfield></datafield><datafield ind1=" " ind2=" " tag="035"><subfield code="a">(swissbib)213346311-41slsp_network</subfield></datafield><datafield ind1=" " ind2=" " tag="035"><subfield code="a">213346311</subfield><subfield code="9">ExL</subfield></datafield><datafield ind1=" " ind2=" " tag="035"><subfield code="a">(RERO)1046108-41slsp</subfield></datafield><datafield ind1=" " ind2=" " tag="035"><subfield code="a">(IDSBB)000533638DSV01</subfield></datafield><datafield ind1=" " ind2=" " tag="035"><subfield code="a">(NEBIS)000476645EBI01</subfield></datafield><datafield ind1=" " ind2=" " tag="035"><subfield code="a">(EXLNZ-41SLSP_NETWORK)991120183359705501</subfield></datafield><datafield ind1=" " ind2=" " tag="040"><subfield code="a">RERO geussp</subfield><subfield code="d">CH-ZuSLS</subfield></datafield><datafield ind1=" " ind2=" " tag="044"><subfield code="a">xxu</subfield><subfield code="a">xxk</subfield></datafield><datafield ind1=" " ind2="7" tag="072"><subfield code="a">ch</subfield><subfield code="2">rero</subfield></datafield><datafield ind1=" " ind2="7" tag="072"><subfield code="a">bi</subfield><subfield code="2">rero</subfield></datafield><datafield ind1=" " ind2="7" tag="072"><subfield code="a">bi</subfield><subfield code="2">SzZuIDS BS/BE</subfield></datafield><datafield ind1=" " ind2="7" tag="072"><subfield code="a">ch</subfield><subfield code="2">SzZuIDS BS/BE</subfield></datafield><datafield ind1="0" ind2="0" tag="082"><subfield code="a">574.1/88</subfield><subfield code="2">19</subfield></datafield><datafield ind1="0" ind2="4" tag="082"><subfield code="a">571.835</subfield></datafield><datafield ind1="1" ind2="4" tag="082"><subfield code="a">570</subfield><subfield code="2">15</subfield></datafield><datafield ind1=" " ind2=" " tag="084"><subfield code="a">UG 3900</subfield><subfield code="2">rvk</subfield></datafield><datafield ind1=" " ind2=" " tag="084"><subfield code="a">VE 5788</subfield><subfield code="2">rvk</subfield></datafield><datafield ind1=" " ind2=" " tag="084"><subfield code="a">WD 2100</subfield><subfield code="2">rvk</subfield></datafield><datafield ind1="0" ind2="0" tag="245"><subfield code="a">From chemical to biological organization</subfield><subfield code="b">with 202 figures</subfield><subfield code="c">ed. M. Markus, S. C. Müller, G. Nicolis</subfield></datafield><datafield ind1=" " ind2="1" tag="264"><subfield code="a">Berlin</subfield><subfield code="a">Heidelberg [etc.]</subfield><subfield code="b">Springer</subfield><subfield code="c">[1988]</subfield></datafield><datafield ind1=" " ind2="4" tag="264"><subfield code="c">© 1988</subfield></datafield><datafield ind1=" " ind2=" " tag="300"><subfield code="a">IX, 358 S.</subfield><subfield code="c">25 cm</subfield><subfield code="b">202 Ill.</subfield></datafield><datafield ind1=" " ind2=" " tag="336"><subfield code="b">txt</subfield><subfield code="2">rdacontent</subfield></datafield><datafield ind1=" " ind2=" " tag="337"><subfield code="b">n</subfield><subfield code="2">rdamedia</subfield></datafield><datafield ind1=" " ind2=" " tag="338"><subfield code="b">nc</subfield><subfield code="2">rdacarrier</subfield></datafield><datafield ind1="1" ind2=" " tag="490"><subfield code="a">Springer series in synergetics</subfield><subfield code="v">39</subfield></datafield><datafield ind1=" " ind2=" " tag="504"><subfield code="a">Bibliogr</subfield></datafield><datafield ind1="1" ind2="7" tag="600"><subfield code="a">Hess, Benno</subfield><subfield code="d">1922-2002</subfield><subfield code="0">(DE-588)130024899</subfield><subfield code="2">gnd</subfield></datafield><datafield ind1=" " ind2="7" tag="650"><subfield code="a">Chimie</subfield><subfield code="0">(IDREF)027722805</subfield><subfield code="2">idref</subfield></datafield><datafield ind1=" " ind2="7" tag="650"><subfield code="a">Biologie</subfield><subfield code="0">(IDREF)027388050</subfield><subfield code="2">idref</subfield></datafield><datafield ind1=" " ind2="7" tag="650"><subfield code="a">Systèmes biologiques</subfield><subfield code="0">(IDREF)027411966</subfield><subfield code="2">idref</subfield></datafield><datafield ind1=" " ind2="7" tag="650"><subfield code="a">Systèmes auto-organisés</subfield><subfield code="0">(IDREF)027819248</subfield><subfield code="2">idref</subfield></datafield><datafield ind1=" " ind2="7" tag="650"><subfield code="a">Régulation (biologie)</subfield><subfield code="0">(IDREF)027242366</subfield><subfield code="2">idref</subfield></datafield><datafield ind1=" " ind2="7" tag="650"><subfield code="a">Théories non linéaires</subfield><subfield code="0">(IDREF)027504824</subfield><subfield code="2">idref</subfield></datafield><datafield ind1=" " ind2="7" tag="650"><subfield code="a">Commande, Théorie de la</subfield><subfield code="0">(IDREF)027230481</subfield><subfield code="2">idref</subfield></datafield><datafield ind1=" " ind2="7" tag="650"><subfield code="a">Bioénergétique</subfield><subfield code="0">(IDREF)027365611</subfield><subfield code="2">idref</subfield></datafield><datafield ind1=" " ind2="7" tag="650"><subfield code="a">Selbstorganisation</subfield><subfield code="v">Kongressbericht</subfield><subfield code="2">idsbb</subfield></datafield><datafield ind1=" " ind2="7" tag="650"><subfield code="a">Bioenergetik</subfield><subfield code="2">idszbz</subfield></datafield><datafield ind1=" " ind2="7" tag="650"><subfield code="a">Selbstorganisation</subfield><subfield code="2">idszbz</subfield></datafield><datafield ind1=" " ind2="7" tag="650"><subfield code="a">Biologie</subfield><subfield code="0">(DE-588)4006851-1</subfield><subfield code="2">gnd</subfield></datafield><datafield ind1=" " ind2="7" tag="650"><subfield code="a">Biologisches System</subfield><subfield code="0">(DE-588)4122930-7</subfield><subfield code="2">gnd</subfield></datafield><datafield ind1=" " ind2="7" tag="650"><subfield code="a">Chemie</subfield><subfield code="0">(DE-588)4009816-3</subfield><subfield code="2">gnd</subfield></datafield><datafield ind1=" " ind2="7" tag="650"><subfield code="a">Chemische Evolution</subfield><subfield code="0">(DE-588)4147631-1</subfield><subfield code="2">gnd</subfield></datafield><datafield ind1=" " ind2="7" tag="650"><subfield code="a">Evolution</subfield><subfield code="0">(DE-588)4071050-6</subfield><subfield code="2">gnd</subfield></datafield><datafield ind1=" " ind2="7" tag="650"><subfield code="a">Nichtlineares Phänomen</subfield><subfield code="0">(DE-588)4136065-5</subfield><subfield code="2">gnd</subfield></datafield><datafield ind1=" " ind2="7" tag="650"><subfield code="a">Nichtlineares System</subfield><subfield code="0">(DE-588)4042110-7</subfield><subfield code="2">gnd</subfield></datafield><datafield ind1=" " ind2="7" tag="650"><subfield code="a">Reaktionssystem</subfield><subfield code="0">(DE-588)4177124-2</subfield><subfield code="2">gnd</subfield></datafield><datafield ind1=" " ind2="7" tag="650"><subfield code="a">Selbstorganisation</subfield><subfield code="0">(DE-588)4126830-1</subfield><subfield code="2">gnd</subfield></datafield><datafield ind1=" " ind2="0" tag="650"><subfield code="a">Bioenergetics</subfield><subfield code="v">Congresses</subfield></datafield><datafield ind1=" " ind2="0" tag="650"><subfield code="a">Biological control systems</subfield><subfield code="v">Congresses</subfield></datafield><datafield ind1=" " ind2="0" tag="650"><subfield code="a">Control theory</subfield><subfield code="v">Congresses</subfield></datafield><datafield ind1=" " ind2="0" tag="650"><subfield code="a">Nonlinear theories</subfield><subfield code="v">Congresses</subfield></datafield><datafield ind1=" " ind2="7" tag="650"><subfield code="a">BUNDESREPUBLIK DEUTSCHLAND (1945-1990)</subfield><subfield code="9">ger</subfield><subfield code="0">(ETHUDK)000001837</subfield><subfield code="2">ethudk</subfield></datafield><datafield ind1=" " ind2="7" tag="650"><subfield code="a">FESTSCHRIFTEN, GEDENKSCHRIFTEN FÜR PERSONEN (DOKUMENTENTYP)</subfield><subfield code="9">ger</subfield><subfield code="0">(ETHUDK)000009348</subfield><subfield code="2">ethudk</subfield></datafield><datafield ind1=" " ind2="7" tag="650"><subfield code="a">LEBENDE MATERIE UND TOTE MATERIE, LEBEN (BIOLOGIE)</subfield><subfield code="9">ger</subfield><subfield code="0">(ETHUDK)000021407</subfield><subfield code="2">ethudk</subfield></datafield><datafield ind1=" " ind2="7" tag="650"><subfield code="a">MEDIZIN</subfield><subfield code="9">ger</subfield><subfield code="0">(ETHUDK)000025839</subfield><subfield code="2">ethudk</subfield></datafield><datafield ind1=" " ind2="7" tag="650"><subfield code="a">MOLEKÜLSTRUKTUR (CHEMIE)</subfield><subfield code="9">ger</subfield><subfield code="0">(ETHUDK)000016210</subfield><subfield code="2">ethudk</subfield></datafield><datafield ind1=" " ind2="7" tag="650"><subfield code="a">ORGANISATION BIOLOGISCHER SYSTEME</subfield><subfield code="9">ger</subfield><subfield code="0">(ETHUDK)000021208</subfield><subfield code="2">ethudk</subfield></datafield><datafield ind1=" " ind2="7" tag="650"><subfield code="a">REAKTIONSMECHANISMEN + REAKTIVITÄT (CHEMISCHE KINETIK)</subfield><subfield code="9">ger</subfield><subfield code="0">(ETHUDK)000015965</subfield><subfield code="2">ethudk</subfield></datafield><datafield ind1=" " ind2="7" tag="650"><subfield code="a">SYNERGETIK (THEORIE DER REGELUNGSSYSTEME)</subfield><subfield code="9">ger</subfield><subfield code="0">(ETHUDK)000013768</subfield><subfield code="2">ethudk</subfield></datafield><datafield ind1=" " ind2="7" tag="650"><subfield code="a">THERMODYNAMIK UND KINETIK BIOLOGISCHER PROZESSE</subfield><subfield code="9">ger</subfield><subfield code="0">(ETHUDK)000022890</subfield><subfield code="2">ethudk</subfield></datafield><datafield ind1=" " ind2="7" tag="650"><subfield code="a">&quot;1922/&quot;</subfield><subfield code="2">ethudk</subfield></datafield><datafield ind1=" " ind2="7" tag="655"><subfield code="a">Aufsatzsammlung</subfield><subfield code="2">idszbz</subfield></datafield><datafield ind1="1" ind2=" " tag="700"><subfield code="a">Müller, Stefan C.</subfield></datafield><datafield ind1="1" ind2=" " tag="700"><subfield code="a">Nicolis, Grégoire</subfield></datafield><datafield ind1="1" ind2=" " tag="700"><subfield code="a">Markus, Mario</subfield><subfield code="d">1944-</subfield><subfield code="0">(DE-588)138975612</subfield><subfield code="6">880-02</subfield></datafield><datafield ind1="1" ind2=" " tag="880"><subfield code="6">700-02</subfield><subfield code="a">Markus, Mario</subfield><subfield code="d">1944-....</subfield><subfield code="0">(IDREF)073766984</subfield></datafield><datafield ind1=" " ind2=" " tag="830"><subfield code="a">Springer series in synergetics</subfield><subfield code="v">39</subfield><subfield code="w">(NEBIS)001000760EBI01</subfield></datafield><datafield ind1=" " ind2=" " tag="830"><subfield code="a">Springer Series in Synergetics</subfield><subfield code="v">39</subfield><subfield code="w">(IDSBB)000027651DSV01</subfield></datafield><datafield ind1=" " ind2=" " tag="900"><subfield code="a">REROnoselfmerge</subfield></datafield></record>
</metadata></record><resumptionToken>1900-01-01@all@UNIGE_ALL@marc21@5986527800005502</resumptionToken></ListRecords></OAI-PMH>